3067 4725
1399 332 1491 401 33

261 522 512 610 goedia,
567 520 812 589 tertium
864 520 983 586 hac
1023 518 1237 587 fabula
1276 516 1482 602 parari
1526 516 1667 582 dico
1706 517 2010 600 affectum,
2067 516 2256 583 animi
2308 519 2628 603 scr-rurum,

162 693 172 710 ,
265 649 453 715 quem
491 628 580 694 uti
620 628 744 693 iam
787 646 975 711 supra
1017 624 1281 689 diximus
1315 622 1644 706 Stagirites
1686 622 1963 706 appellat
2002 616 2628 704 „tvaovmcmflu‘ff‘

265 740 428 803 Cum
467 732 799 817 Lessingio
839 750 991 814 ergo
1030 729 1246 796 iterum
1303 734 1491 812 atque
1532 728 1750 794 iterum
1791 726 1949 811 dice,
2007 729 2392 796 Aristotelem
2448 755 2632 815 quum

261 840 563 908 scriberet
590 835 1066 921 ,,περαίνουσα
1091 831 1215 917 τήν
1245 832 1386 898 τοῖν
1411 825 1751 899 τοιούτων
1773 827 2211 914 παθημάτων
2244 831 2628 919 xu'ffaputr‘*

257 966 390 1011 non
443 944 626 1011 modo
674 942 756 1007 ad
808 947 1034 1006 metum
1089 946 1152 1004 et
1203 938 1691 1007 misericordiam
1746 939 2023 1025 exceptis
2075 941 2352 1007 omnihus
2412 943 2628 1011 ceteris

262 1050 458 1116 animi
504 1048 824 1116 affectibus
883 1051 1219 1128 spectasse,
1284 1045 1396 1112 sed
1437 1046 1673 1113 dixisse
1712 1046 1915 1129 modo,
1977 1045 2116 1111 illos
2169 1045 2320 1115 duos
2376 1051 2632 1115 affectus

261 1155 339 1223 in
377 1154 590 1243 primis
632 1149 1104 1219 commovendos
1142 1171 1287 1217 esse
1328 1172 1438 1236 per
1480 1158 1725 1236 poetam
1765 1151 2063 1233 tragicum
2086 1188 2159 1197 -
2186 1158 2284 1218 est
2316 1155 2476 1219 eninr
2512 1163 2632 1219 tra*

264 1261 496 1347 goedia
537 1256 859 1344 »μίμησις
900 1249 1228 1338 πράξεως
1275 1254 2052 1342 σπουδαίας,“--ροεεθ
2102 1264 2304 1329 autem
2364 1259 2512 1339 fieri,
2568 1267 2636 1323 nt

267 1367 382 1432 alii
423 1385 665 1449 quoque
707 1365 962 1431 affectus
1004 1362 1191 1426 velut·
1211 1352 1391 1443 σ’ργή
1430 1370 1540 1429 aut
1578 1358 2102 1443 ἐνθουσιασμός
2144 1363 2360 1429 eaden]
2400 1367 2636 1431 ratione

270 1478 337 1539 e't
375 1471 782 1538 excitarentur
821 1474 883 1534 et
921 1474 1330 1552 purgarentur
1371 1488 1493 1551 qua
1547 1474 1744 1534 metus
1786 1474 1847 1533 et
1887 1467 2320 1535 misericordia.
2408 1471 2632 1535 Matura

266 1586 474 1643 autem
523 1576 750 1641 inicere
791 1574 1014 1639 animis
1055 1580 1244 1657 po'e‘ta
1284 1574 1511 1639 studuit
1549 1572 1813 1638 numinis
1856 1572 2049 1638 divini
2088 1574 2129 1640 i.
2173 1595 2227 1639 e.
2258 1575 2480 1657 Liberi„
2528 1583 2632 1659 qui

264 1686 397 1748 iam
438 1683 503 1747 in
544 1682 681 1766 ipso
720 1681 978 1763 prologo
1022 1679 1358 1762 pernicicm
1378 1679 1627 1759 indicat,
1671 1681 1855 1761 quam
1886 1685 2211 1762 paraturus
2240 1683 2320 1747 sit
2344 1683 2632 1763 Pentheo,

264 1789 498 1853 irrisor-i
543 1785 1078 1852 contumacissimo
1133 1783 1298 1848 Iovis
1339 1784 1464 1863 filii,
1522 1784 1627 1866 qui
1666 1789 1858 1848 totam
1898 1804 2009 1866 per
2050 1785 2320 1851 fabulam
2376 1787 2636 1851 illudens

263 1893 442 1975 regis·
479 1892 828 1957 Thebarum
872 1890 1133 1956 consilia
1185 1895 1370 1971 atque
1424 1887 1718 1954 mandata
1771 1908 2031 1971 eumque
2086 1911 2127 1955 a
2178 1895 2520 1974 pertinacia
2580 1899 2640 1959 et

266 1988 536 2061 audacia
578 1998 660 2061 ad
714 1998 978 2061 furorem
1030 2001 1093 2060 et
1142 1994 1478 2077 perniciem
1529 1994 1949 2078 praecipitans
1999 2000 2186 2077 atque
2237 1999 2476 2063 ruinam
2532 2019 2642 2063 :nu-

268 2099 458 2167 minis
511 2101 683 2183 laesi,
731 2101 1076 2166 maiestatis
1133 2106 1521 2182 contemptae
1578 2100 1905 2183 repetitum
1959 2100 2009 2164 it
2060 2120 2316 2184 poenas.
2424 2103 2636 2183 Nequi}

272 2223 424 2270 vero
467 2206 704 2270 consilii
743 2212 980 2271 tantum
1021 2210 1084 2270 et
1122 2205 1357 2289 ingenii
1398 2204 1777 2288 praestantia
1833 2204 2017 2271 deum
2080 2207 2452 2289 superiorem
2496 2231 2636 2275 asse

273 2310 682 2378 homuncione
738 2312 882 2379 licet
940 2330 1295 2396 agnoscere,
1362 2309 1472 2377 sed
1535 2309 1832 2395 portentis
1877 2329 2119 2394 quoque
2176 2330 2253 2378 ac
2308 2315 2636 2396 miraculis,

267 2417 312 2482 i.
357 2437 414 2482 e.
457 2425 761 2502 apparatu
803 2419 1048 2484 scenico
1090 2416 1257 2501 apud
1298 2424 1564 2501 poetam,
1608 2421 1834 2481 metum
1876 2421 1938 2481 et
1973 2417 2400 2484 verecundiam
2424 2420 2636 2484 incutit

267 2523 613 2587 mortalium
668 2523 890 2588 animis
932 2523 1208 2589 Semeles
1259 2529 1447 2605 atque
1502 2522 1666 2586 lovis
1722 2521 2068 2605 progenies.
2157 2521 2336 2599 Quod
2392 2528 2636 2608 quidem

267 2624 400 2694 fieri
470 2628 805 2711 praecipue
864 2611 927 2690 in
988 2627 1267 2710 episodio
1325 2628 1506 2693 tertio
1568 2626 1866 2708 videmuS‚
1930 2647 2067 2692 cum
2121 2628 2320 2712 Liber,
2388 2632 2640 2696 Panthei

270 2734 468 2799 domo.
513 2718 790 2813 collapsa
849 2731 1209 2812 passimque
1261 2733 1510 2813 ignibus
1570 2733 1727 2798 fusis
1784 2731 1966 2797 choro
2030 2734 2384 2800 tremefacto
2444 2736 2636 2800 humb

267 2858 393 2923 que
433 2837 755 2922 provoluto
797 2854 1096 2899 summam
1132 2836 1398 2902 numinis
1440 2836 1633 2901 divini
1672 2835 2101 2902 verecundiam
2155 2838 2328 2905 inicit
2388 2864 2460 2904 ac
2502 2844 2632 2904 reli*

267 2940 670 3028 gionem.¹²³)
768 2938 1041 3005 Maxime
1101 2945 1307 3005 autem
1366 2939 1693 3024 Euripides
1758 2942 1821 3004 in
1882 2941 2003 3006 fine
2079 2943 2217 3026 ipso
2280 2948 2636 3028 tragoediae

273 3047 534 3113 affectus
575 3047 797 3112 furoris
840 3052 903 3112 et
941 3044 1209 3112 horroris
1253 3053 1315 3110 et
1345 3046 1801 3112 misericordiae
1834 3048 2106 3114 excitare
2129 3049 2344 3116 studet.
2416 3056 2636 3136 Agara

275 3150 442 3217 enim
497 3170 632 3216 cum
682 3151 944 3216 leaenae
997 3151 1190 3217 instar
1247 3154 1479 3236 proruit
1531 3152 1596 3215 in
1660 3171 1945 3218 scaenam
2000 3155 2269 3220 maximo
2328 3160 2636 3224 casula-ms

277 3254 508 3337 gaudio
550 3254 628 3322 de
666 3254 902 3340 praeda
941 3275 1058 3320 sua
1099 3274 1284 3337 quam
1326 3256 1591 3340 captarit
1632 3257 1816 3323 catuli
1836 3252 1947 3337 1²³⁴)
2006 3265 2069 3327 et
2120 3278 2256 3324 cum
2312 3268 2496 3344 capnt>
2536 3264 2640 3328 filii

379 3552 384 3558 -
426 3533 514 3599 ηε)
553 3552 603 3586 v,
643 3535 745 3588 576
768 3562 833 3572 ...-
854 3534 956 3639 6137
968 3537 1294 3639 &praecipue
1334 3551 1382 3583 v.
1420 3533 1548 3587 596:

870 3642 913 3681 α
964 3642 1008 3681 α
1061 3665 1075 3680 .

825 3670 968 3781 ῗιῦρ
1009 3690 1104 3765 ου’
1144 3692 1462 3772 λεύσσεις
1503 3690 1659 3764 οὐδ’
1704 3692 2032 3783 αὕγοίζεις

824 3777 1134 3862 Σεμέλας
1172 3777 1369 3860 ἱερόν
1415 3775 1602 3864 α’μφί
1643 3775 1894 3865 τάφον,
1938 3774 2031 3846 «ἵν

827 3885 996 3929 ποτε
1053 3858 1570 3945 κεραυνόβολος
1609 3859 1805 3929 ἔλιπε
1849 3862 2082 3949 φλόγα

827 3945 1007 4010 Δίου
1051 3944 1386 4025 βροντᾶςς
1477 3946 1485 3953 '

564 4027 738 4091 HM.
825 4025 1046 4090 δίκετε
1089 4023 1353 4091 πεδόσε
1396 4023 1617 4092 δίκετε
1660 4023 1962 4110 τρομερὰ

832 4102 1142 4189 σώματα,
1185 4103 1523 4186 μαινάδες
1550 4107 1611 4141 ·“

418 4202 514 4268 ¹²⁴)
546 4223 595 4262 v.
635 4207 797 4261 11⁷0:
837 4190 1181 4279 ,-,φέρομεν
1208 4190 1288 4279 ἐξ
1318 4187 1542 4276 όρέων
1570 4191 1765 4265 ἕλικα
1787 4189 2126 4276 νεότομον
2159 4189 2271 4260 ἰπὶ
2300 4192 2644 4280 μέλαθρα,

831 4273 1174 4357 μακαρίαν
1215 4272 1514 4358 &ripun-‘⁶
