3067 4725
761 264 807 335 26

198 463 282 545 nerto
303 456 388 523 euius
409 462 442 523 ut
464 455 579 522 similes
600 453 710 519 fiamus
730 453 928 519 vehomenter
948 473 1005 519 nos
1026 474 1138 538 cupere
1159 454 1329 521 debeamus
1346 492 1396 502 -

199 561 406 630 adulescentis
427 566 533 626 nostra
552 559 585 624 in
605 579 674 625 eum
697 558 780 648 bona
805 561 961 625 voluntate
988 558 1177 644 dignissimi3
1205 561 1393 627 relaxantur

199 675 301 735 autem
322 667 473 748 simulque
492 685 562 730 oum
581 664 773 731 relaxatione
794 665 886 731 etiam
906 665 1098 749 purgationis
1123 665 1292 750 cuiusdam,
1320 686 1392 731 non

199 781 264 839 tam
283 779 393 839 natura
413 790 506 854 quam
526 775 638 854 poetae
659 775 726 834 arte
753 775 784 835 et
804 770 928 855 ingenio
956 772 1093 854 effectae,
1122 771 1288 855 participes
1308 751 1393 837 fiunt

200 880 224 945 ii
245 880 374 944 affectus
396 878 479 941 exitu
500 877 569 957 ipso
590 876 671 941 illins
689 876 880 960 tragoediae,
902 876 953 960 qui
968 876 1108 960 quamvis
1121 879 1162 943 sit
1176 877 1391 959 calamitosae,

199 992 305 1050 tamen
332 1004 394 1049 non
425 982 538 1068 patitur
567 980 662 1047 nimia
685 1001 743 1047 nos
771 982 853 1046 aliioi
883 982 1135 1060 sollieitudine⁹²l
1168 989 1260 1065 atque
1290 983 1391 1049 nimio

196 1110 335 1156 maerore
355 1088 469 1172 quique
490 1107 546 1152 nos
568 1086 640 1151 sinit
661 1107 729 1152 rum
750 1086 855 1153 dolore
877 1087 974 1171 patris
1002 1088 1140 1155 destituti
1170 1082 1387 1171 acerbissimo,

198 1218 266 1262 oum
293 1215 370 1261 vooe
397 1192 450 1258 filii
476 1191 600 1257 iamiam
621 1192 808 1275 exspirantis
828 1192 997 1264 novissima
1022 1194 1152 1259 miseere
1180 1195 1323 1260 laorimas
1351 1200 1388 1259 et

195 1300 408 1365 admirationis
430 1304 461 1364 et
482 1296 636 1365 desiderii.

279 1390 419 1471 Medea
439 1405 544 1470 fabula
561 1409 627 1468 tota
642 1403 775 1486 pertinet
785 1402 826 1467 ad
836 1425 935 1487 genus
952 1412 1041 1471 atrox
1057 1406 1125 1471 sive
1139 1405 1273 1472 terribile
1280 1402 1321 1487 93)
1339 1405 1388 1469 ita

198 1517 417 1595 conparatum,
439 1518 472 1576 ut
492 1515 682 1592 spectatores
703 1528 765 1573 non
785 1508 848 1574 iatn·
868 1516 1014 1592 metuant,
1036 1510 1093 1575 sed
1112 1507 1286 1590 lrorrore⁹⁴i
1309 1529 1387 1594 quo·

270 1771 305 1839 ⁹²)
325 1776 400 1827 Cani,
420 1778 465 1829 Dr.
486 1778 551 1826 lind.
571 1775 717 1825 Selrrelberi
736 1776 803 1838 „der
822 1777 943 1838 llippolyt
967 1779 1011 1825 des
1030 1778 1164 1839 Euripides
1189 1779 1252 1826 naolr
1271 1780 1382 1841 luinge,

201 1863 259 1915 ldee
281 1865 342 1913 'unii
369 1862 599 1925 Entwlekelung,“
636 1865 674 1911 rid
702 1863 831 1911 Solemnis
859 1866 1034 1932 anniversaria
1062 1865 1153 1924 Gymn.
1182 1866 1379 1922 Austorianis,

199 1950 328 2001 Ansbaelrl
348 1947 426 2001 1854.
446 1960 470 2012 p.
489 1948 537 2001 22:
558 1950 639 2011 „Uno
648 1963 701 1998 nnn
713 1976 744 1985 —
756 1951 874 1998 neehdem
887 1952 984 1999 sowolrl
995 1954 1034 2000 die
1043 1953 1217 2010 Entsitlrnnng
1227 1954 1270 2000 des
1281 1953 1378 2000 seitein-

198 2040 246 2089 ber
265 2038 513 2093 Seiruldbelodenen,
532 2039 571 2084 als
590 2036 653 2084 auelr
679 2039 718 2084 die
737 2033 910 2099 Versonnung
934 2039 980 2085 der
1005 2040 1106 2101 unselig
1123 2040 1311 2101 Zerspoltenen
1334 2050 1378 2099 ge-

198 2126 321 2184 othehem
347 2124 468 2171 naohdem
487 2124 608 2183 llippolyt
626 2135 675 2171 vor
699 2124 767 2170 aller
785 2125 874 2185 Augen
900 2125 1106 2187 nauiderlegiioir
1132 2128 1254 2174 erwiesen
1282 2128 1316 2173 ist
1342 2127 1379 2172 ais

198 2216 294 2275 rainer,
313 2213 383 2259 edler
403 2210 497 2258 Diener
514 2210 561 2257 der
576 2211 697 2270 Artemis,
716 2212 761 2257 der
779 2222 830 2257 nnr
848 2211 874 2256 in
892 2212 976 2258 selner
989 2210 1253 2260 Aussclrliessiielrlreit
1273 2222 1303 2258 za
1322 2212 1379 2259 weit

199 2311 346 2364 gegangem
365 2298 416 2345 und
435 2295 605 2344 Theseas'als
623 2299 664 2345 ein
684 2297 815 2345 liebendor
833 2296 909 2344 Gutta
931 2299 981 2344 ond
1003 2299 1092 2357 Vetat,
1117 2299 1163 2346 der
1185 2311 1235 2346 nur
1252 2299 1277 2345 in
1297 2300 1379 2346 soiner

198 2387 367 2448 Auiwellnng
383 2397 418 2437 zu
434 2385 493 2432 weit
510 2395 643 2446 gegangen
663 2420 670 2435 .
690 2420 697 2434 .
717 2421 724 2434 .
743 2416 760 2445 .,
776 2383 842 2443 jetzt
859 2381 959 2432 konnen
985 2385 1022 2432 sie
1042 2385 1160 2447 berulrigt
1184 2399 1235 2434 von
1260 2386 1380 2434 einander

198 2475 327 2531 aeneidem
349 2471 413 2532 jerat
431 2470 500 2518 kann
527 2473 573 2518 der
590 2472 725 2518 sterbende
744 2470 814 2518 Soinr
833 2471 888 2517 dem
912 2471 1014 2530 doppeit
1037 2456 1184 2534 geberrgten
1204 2469 1284 2521 Vater
1304 2471 1379 2532 jeden

200 2559 301 2609 Staohel
321 2560 365 2607 der
386 2558 478 2606 Sohuld
496 2557 619 2618 neirmen,‘
636 2558 717 2604 indern
739 2569 768 2605 er
787 2558 889 2605 holder
907 2557 1122 2620 pieiigewaitigen
1134 2561 1244 2607 Artemis
1262 2559 1380 2615 saiwan,

198 2649 257 2695 dass
276 2657 304 2693 er
322 2646 409 2693 sterhe
427 2644 491 2691 olrne
506 2643 633 2705 Jegliclren
653 2639 758 2693 itroii,“

238 2718 240 2721 ’
268 2737 303 2802 ⁹³)
321 2754 344 2793 a.
363 2754 388 2802 p.
409 2735 500 2790 1453o
522 2736 567 2790 14:
587 2714 693 2804 ,πιοῖα
715 2715 782 2789 οὖν
803 2719 903 2789 δεινοὶ
927 2712 952 2807 ἢ
972 2729 1058 2791 ποῖα
1079 2722 1196 2805 οἰκτρά
1219 2722 1382 2810 φαίνεται

197 2826 268 2888 τῶν
290 2815 568 2906 συμπιπτόντων,
590 2815 755 2904 λάβωμεν
772 2870 781 2889 .
796 2814 929 2905 α’νᾶγκη
953 2821 993 2889 δὲ
1014 2812 1039 2906 ἦ
1056 2823 1168 2908 φίλων
1186 2817 1277 2889 εἶναι
1293 2818 1383 2903 πρός

202 2916 376 3003 ἄλλήλονς
396 2918 461 2995 τοὶς
481 2916 648 2998 τοιαύτας
674 2917 823 3005 πράξεις
844 2910 870 3005 r'p'
889 2919 1030 3007 ὃχθραῖν
1052 2911 1077 3004 ἢ
1101 2918 1317 3004 μηδετέρων.
1335 2914 1383 2992 ἄν

199 3018 262 3103 μὶν
284 3009 349 3086 οὖν
370 3014 502 3100 ἐχθρᾶς
523 3015 654 3100 ἐχθρόν
676 3012 875 3111 α’ποκτείνη,
897 3011 1004 3085 odolo
1023 3017 1178 3087 ἐλεεινὸν
1198 3016 1281 3088 οὔτε
1303 3047 1382 3090 ποι-

200 3120 251 3189 oia
272 3111 356 3186 oriae
385 3112 518 3197 μέλλων
541 3116 701 3200 δείκνυσι,
730 3115 820 3201 πλήν
848 3122 919 3184 κατ’
952 3112 1042 3185 τιν’τιν’
1068 3116 1109 3184 τό
1129 3115 1262 3196 ,πάθος
1278 3138 1288 3157 ·
1304 3115 1382 3188 οὐδ’

202 3209 249 3285 aiv
277 3211 473 3300 μηδετέρως
499 3212 659 3295 ἔχοντες·
679 3206 765 3283 δ’ταν
789 3211 858 3283 δ’ἒν
887 3222 963 3293 ταῖς
990 3216 1110 3303 φιλίας
1134 3215 1312 3302 ἐγγένηται
1338 3218 1380 3285 τιν’

198 3312 313 3399 πάθη,
346 3308 425 3381 οἷον
452 3311 484 3382 el
511 3308 671 3400 α’δελφός
700 3306 861 3402 oidelerio
887 3304 913 3399 ἢ
945 3313 1024 3393 υἱός
1056 3314 1189 3401 πατέρα
1218 3307 1243 3401 ἦ
1271 3313 1380 3407 μήτηρ

200 3412 281 3484 olda
300 3403 327 3499 ἢ
345 3409 425 3489 υἱός
444 3410 573 3497 μητέρα
594 3407 793 3481 deonerare
814 3402 839 3496 η’
857 3409 974 3495 μέλλει
1006 3405 1031 3497 ἢ
1050 3440 1083 3481 τι
1105 3409 1193 3481 ἄλλο
1220 3417 1382 3481 τοιοῦτον

202 3514 281 3598 δρρῒ,
302 3513 414 3579 ταῦτα
435 3509 628 3596 ζητητέον.“

274 3613 308 3681 ⁹⁴)
328 3620 510 3681 Baumgartius
536 3619 644 3667 verbum
663 3598 856 3686 ,,φρι’ττειν“
875 3625 953 3682 negat
976 3618 1079 3667 differre
1103 3621 1168 3681 opud
1189 3621 1382 3669 Aristoteleme

165 3704 167 3708 ’
203 3707 283 3755 verbo
303 3691 508 3773 φοβεῖσθαι.
529 3699 627 3766 (annal.
643 3704 734 3752 Philol.
748 3706 800 3756 vol.
821 3702 1067 3769 111-1875-1).
1081 3703 1114 3755 85
1124 3702 1171 3769 ss.)
1198 3703 1312 3755 Verbum
1324 3717 1382 3755 sane

201 3773 355 3862 φρίττειν
374 3795 399 3840 Ιιι
420 3794 487 3842 libro
508 3795 537 3840 rie
554 3802 578 3841 a.
599 3800 625 3851 p.
645 3805 696 3841 uno
717 3792 793 3840 nobis
812 3793 923 3840 occurrit
949 3793 1006 3839 loeo
1025 3789 1127 3853 (14531.
1145 3790 1186 3854 5);
1213 3796 1256 3842 sed
1281 3805 1311 3840 ex
1329 3794 1381 3840 aliis

202 3882 266 3929 rous
290 3885 320 3928 ut
343 3877 417 3929 elan
446 3877 481 3930 30
509 3856 566 3943 „oi
594 3857 742 3946 ἔκφοβοι
773 3858 970 3942 γιγνόμενοι
1001 3861 1241 3948 φρίσσουσιν,“
1272 3875 1382 3928 560ιὸ

202 3951 431 4043 ,ρ’χτυθεῖσαι
451 3951 594 4040 ὄρνιθες
620 3958 806 4045 φρίττουσιν
831 3958 888 4026 καὶ
909 3952 1161 4026 ω’ντοσνίοντωιιι
1190 3974 1271 4040 (conf.
1293 3975 1380 4026 Proui.

203 4064 279 4116 8861)
297 4062 313 4115 9
331 4072 357 4114 et
375 4060 447 4114 sesa
465 4062 509 4124 38)
528 4066 592 4113 sotis
609 4070 726 4126 apparet,
747 4066 853 4114 verbnm
872 4044 1066 4136 ,,φρτ’ττειν“
1085 4063 1229 4127 significare
1245 4065 1310 4125 apud
1328 4063 1380 4125 plri-

203 4153 337 4216 iosopirum
356 4158 425 4201 oerte
443 4154 567 4200 maiorem
586 4153 694 4215 gradum
713 4156 808 4215 metus,
835 4165 891 4201 enm
919 4164 961 4202 res
980 4155 1063 4213 eliqua
1083 4156 1155 4198 atrox
1173 4151 1250 4199 nohis
1269 4156 1380 4199 versetur

204 4243 237 4291 ob
256 4242 344 4289 oeulos
363 4239 408 4301 ite,
426 4245 457 4287 nt
474 4239 591 4298 eorporis
610 4250 712 4298 quoqne
730 4249 823 4288 sensus
841 4242 982 4289 excitentur
998 4234 1071 4299 (nos:
1092 4237 1154 4299 „ein
1165 4235 1278 4285 Sohaner
1291 4234 1379 4284 ‹lutol-
