3067 4725
780 363 827 433 36

213 551 286 628 post
306 546 534 631 conspiciamus
555 549 717 616 Herculem
737 550 849 634 ipsum,
880 549 955 614 iuris
976 555 1008 615 et
1028 548 1124 614 diuini
1146 555 1178 615 et
1198 546 1324 614 humani
1355 570 1413 618 ne·

211 648 290 717 sarie
310 651 424 735 polluti
441 653 571 719 ultorem
591 660 686 737 atque
707 654 873 736 vindicem,
899 653 984 719 humi
1004 659 1198 737 prostratum,
1228 652 1334 719 dolore
1356 675 1412 720 ve-

212 755 445 822 hementissimo
467 760 675 854 exulceratum
702 759 905 843 omnibusque
932 759 1025 825 rebus
1052 758 1280 842 desperantem,
1310 757 1412 825 nimio

211 861 443 928 misericordiae
474 864 587 929 affectu
619 884 849 947 permovemur,
882 864 997 948 quippe
1028 863 1080 946 qui
1113 863 1276 928 videamus
1306 864 1411 929 virum

212 964 416 1030 admiratione
436 974 542 1033 nostra
564 968 781 1051 dignissimum
801 965 895 1053 plane
916 969 1067 1033 immerito
1088 969 1128 1033 ob
1149 967 1227 1034 iram
1243 968 1322 1034 deae
1340 990 1411 1035 ma·
1504 971 1505 1032 i

212 1071 263 1134 riti
284 1072 439 1137 amoribus
467 1074 605 1140 offensae
633 1074 666 1137 in
694 1094 829 1140 summas
857 1073 1093 1158 praecipitatum
1121 1073 1273 1140 miserias.
1316 1074 1410 1151 Quae
1504 1057 1505 1078 ³

212 1174 309 1240 nimia
339 1175 569 1244 miseridordiae
596 1179 667 1245 sive
698 1162 801 1262 potius
832 1178 1035 1261 aegritudiuis
1065 1177 1227 1254 cuiusdam
1257 1178 1409 1245 excitatio

58 1343 111 1360 ,v
213 1271 299 1347 exitu
317 1280 442 1348 fabulae
463 1282 534 1366 ipso
562 1305 670 1367 parum
699 1285 904 1369 componitur3
934 1284 1083 1349 Hercules
1112 1282 1204 1367 enim,
1233 1303 1324 1367 quern
1355 1284 1409 1349 vel
1504 1355 1505 1370 ἶ

212 1386 325 1467 Lyssa,
345 1387 436 1470 nigra
456 1390 555 1456 noetis
575 1390 647 1473 lilia,
670 1391 797 1457 summis
810 1391 899 1454 effert
915 1387 1059 1453 laudibus
1071 1387 1126 1467 ¹³-²)
1143 1389 1408 1471 quemqueinvita
1504 1389 1505 1396 ’

213 1489 304 1554 modo
315 1489 371 1568 183)
400 1494 523 1561 lunonis
549 1496 637 1561 iussu
664 1496 851 1577 imperiosae
878 1492 1030 1578 perditum
1053 1492 1085 1573 it,
1098 1529 1137 1538 -
1150 1493 1251 1557 subito
1272 1493 1409 1559 miseriis

119 1631 120 1634 π
214 1594 340 1661 summis
371 1597 509 1666 obruitur
535 1601 636 1683 iisque
665 1601 730 1665 fere
759 1599 945 1679 succumbit3
976 1597 1091 1662 Thesei
1113 1597 1196 1661 enirn
1226 1598 1409 1664 amicissimi

213 1719 309 1781 opera
330 1703 515 1788 prohibetur,
538 1706 700 1787 quominus
714 1705 773 1769 sibi
790 1704 859 1787 ipse
873 1724 998 1769 manum
1012 1702 1135 1770 inferat.
1167 1701 1268 1778 Quam
1285 1723 1410 1768 omnem
1504 1785 1505 1794 ἵ

215 1809 248 1869 ut
268 1804 330 1870 iam
352 1828 446 1892 supra
467 1808 601 1875 diximus
623 1810 789 1895 perniciem
810 1808 885 1875 strui
907 1807 1046 1872 videmus
1075 1808 1108 1871 in
1131 1807 1287 1872 hominem
1315 1808 1409 1873 unius

214 1909 293 1976 deae
310 1911 407 1978 livore
427 1913 590 2000 devictum.
602 1913 657 1997 134)
693 1917 761 1980 Non
774 1914 853 1982 sicut
866 1913 899 1977 in
909 1913 1078 1995 Hippolyto
1092 1912 1246 1978 occumbit
1258 1912 1409 1979 Hercules

214 2007 355 2081 eonseius
377 2018 437 2083 sibi
458 2019 588 2085 alicuius
609 2020 711 2087 delicti
732 2018 866 2101 ideoque
883 2018 980 2082 fatum
997 2036 1099 2098 aequa
1114 2022 1218 2081 mente
1233 2017 1410 2093 sustinens3
1449 2002 1452 2005 ⁴

215 2119 271 2184 sed
302 2121 393 2185 homo
426 2122 695 2193 innocentissimus
734 2123 925 2207 opprimitur,
962 2111 1068 2187 contra
1100 2142 1245 2202 superum
1276 2122 1409 2188 consilia

215 2223 357 2290 dentibus
371 2227 461 2308 quasi
477 2230 674 2309 compressio,
695 2235 729 2294 ut
746 2229 790 2293 ait
801 2229 921 2294 Seneca
931 2225 986 2304 135)
1008 2225 1048 2291 de
1068 2225 1134 2291 irae
1154 2228 1279 2292 affectu.
1307 2227 1409 2303 Quam

174 2398 175 2401 ,
215 2330 341 2397 obrem
368 2351 427 2416 ego
455 2332 580 2416 quidem
607 2354 670 2401 non
697 2341 761 2400 tam
792 2351 867 2398 vere
897 2332 983 2397 illam
1013 2332 1176 2398 affectuum
1205 2331 1409 2399 excitatorum

216 2437 469 2520 compositionem
491 2460 658 2523 eorumque
679 2438 893 2524 purgationem
913 2437 945 2500 in
960 2456 999 2501 ca
1016 2436 1123 2501 fabula
1142 2436 1215 2503 fieri*
1225 2443 1299 2517 puto
1316 2459 1410 2520 quam

216 2541 345 2607 excitari
378 2543 473 2609 animi
509 2544 664 2627 quandam
694 2542 919 2624 aegritudinem
950 2546 1044 2622 atque
1076 2543 1259 2610 molestiam.
1301 2544 1410 2625 Neque

216 2646 298 2711 enim
317 2667 452 2729 unquam
473 2648 535 2732 fiet,
560 2655 593 2714 ut
615 2654 774 2714 cernentes
795 2648 893 2713 virum
917 2652 1072 2711 strenuum
1093 2652 1124 2711 et
1143 2646 1253 2712 fortem
1273 2652 1304 2714 et
1323 2648 1410 2712 inno·

215 2758 335 2819 centem
362 2756 610 2820 succumbentem
642 2755 706 2828 irae
738 2753 817 2818 deae
845 2750 975 2816 alieuius
1003 2751 1207 2816 saevissimae
1235 2752 1267 2814 in
1296 2751 1410 2816 animis

215 2862 406 2945 voluptatem
426 2861 511 2926 illam
533 2861 644 2927 exoriri
667 2859 845 2940 sentiamus
874 2875 955 2938 quae
975 2875 1037 2918 non
1061 2854 1152 2919 modo
1181 2844 1227 2921 ex¹
1241 2857 1408 2920 affectuum

216 2967 417 3031 excitatorum
438 2966 508 3046 ipsa
529 2966 660 3030 naturali
682 2963 863 3029 remissione
884 2961 927 3042 tit,
949 2957 1006 3024 sed
1025 2965 1138 3043 po'e'tae
1159 2964 1225 3024 arte
1246 2965 1340 3042 atque
1360 2959 1406 3023 in·

217 3069 309 3150 genio
331 3069 351 3132 i.
376 3089 404 3136 e.
425 3070 519 3135 totius
539 3072 665 3136 fabulae
687 3065 910 3150 compositione
931 3069 962 3130 et
982 3064 1067 3128 exitu
1088 3063 1228 3144 paranda
1249 3070 1306 3130 ost.

298 3173 429 3259 lnlphi
437 3168 1041 3256 geniaAulidensieontraSchilleri
1053 3169 1150 3234 nostri
1160 3167 1405 3252 opinionem,¹³⁶)

286 3365 334 3429 ¹³²)
353 3383 377 3419 v.
396 3366 457 3419 849·

288 3449 337 3514 ¹³³)
356 3469 382 3507 v.
402 3451 462 3504 958.

288 3536 334 3603 ¹³⁴)
352 3557 376 3589 v.
398 3539 466 3592 1210
485 3553 536 3593 ss:

307 3619 370 3708 ,td
393 3625 467 3703 παῖ,
490 3614 687 3700 κατάσχεθε
709 3615 849 3691 λέοντος
871 3611 997 3696 α’γρίου
1019 3611 1145 3697 θυμόν,
1168 3609 1219 3687 cle

311 3698 445 3785 δρόμον
466 3699 524 3769 ἐπὶ
547 3695 683 3789 φόνιον,
705 3693 853 3765 α’νόσιον
874 3693 1005 3779 ἐξάγει,
1233 3719 1236 3724 ·

312 3783 398 3849 κακοὶ
422 3780 537 3851 uttan
558 3787 674 3856 κακοῖς
697 3775 869 3870 ξυνάψαι,
889 3774 1039 3845 τέκνον.“
1060 3793 1130 3842 conf.
1150 3806 1174 3842 v.
1194 3787 1262 3841 1263
1281 3804 1317 3839 ss.

289 3885 337 3952 135)
354 3891 391 3938 De
410 3891 460 3950 tra,
482 3889 504 3952 l,
525 3886 549 3939 1.

287 3970 337 4039 ¹³⁸)
353 3975 400 4038 Op.
426 3988 495 4026 omn.
522 3976 574 4023 vol.
594 3971 654 4032 ΙΙΙ,
679 3971 764 4018 adnot.
790 3982 816 4030 p.
835 3964 883 4017 97:
911 3966 1003 4028 „Wus
1022 3964 1115 4026 Einlge
1142 3963 1270 4025 bingegen
1295 3970 1328 4009 an
1349 3961 1403 4008 dem

219 4064 363 4114 Charakter
381 4062 541 4123 lpbigentens
561 4060 656 4118 tadclu,
685 4056 753 4104 wire
772 4056 811 4103 leb
838 4053 898 4101 sclrr
921 4052 1049 4112 versuobt,
1075 4052 1133 4099 dem
1151 4047 1255 4097 Dlubtcr
1273 4048 1312 4094 als
1331 4047 1403 4094 einen

220 4148 370 4212 vorziigltutr
397 4147 505 4194 sobbucn
530 4146 590 4208 Zug
616 4142 829 4191 anzusobrelben:
858 4141 933 4188 Dlese
958 4137 1093 4197 lltsubung
1119 4146 1170 4183 uon
1191 4133 1328 4181 Sobwdclre
1355 4133 1404 4179 und

220 4235 323 4297 stricke,
348 4245 401 4283 von
424 4231 617 4294 Zugbafttglrclt
635 4230 687 4277 und
705 4228 868 4288 Herolsnrua
892 4227 925 4273 ist
948 4224 988 4272 cin
1012 4222 1110 4269 scabres
1136 4221 1188 4268 und
1208 4221 1336 4268 retzendes
1354 4217 1404 4266 Ge-

221 4319 302 4368 milde
320 4321 365 4368 der
383 4313 499 4368 Natur.“
