3067 4725
1604 307 1703 379 24

469 499 818 583 Aeschylus
859 518 1060 581 neque
1103 496 1440 582 Sophocles
1495 495 1561 560 in
1602 493 1942 579 tragoediis
1984 495 2113 561 suis
2167 500 2294 560 tam
2351 495 2541 562 enixe
2594 518 2846 582 operam

465 607 765 671 dederuut
804 601 1041 670 ciendis
1083 601 1406 669 affectibus
1462 607 1659 667 metus
1714 622 1791 666 ac
1831 601 2289 682 misericordiae
2326 602 2393 667 in
2434 604 2846 687 spectantium
2943 693 2945 698 ,

461 711 705 791 animia,
773 730 953 793 quam
1012 706 1368 792 Euripidem
1431 707 1498 771 in
1561 706 1690 773 suis
1744 705 1971 772 fabulis
2029 707 2260 774 fecisse
2319 707 2627 775 videmus.
2715 710 2845 776 Huc

461 815 725 899 accedit,
793 813 955 898 quod
1011 813 1195 879 istum
1257 817 1505 894 poetam
1566 812 1717 877 artis
1779 810 2124 879 rhetoricae
2185 819 2312 880 tam
2372 834 2520 880 esse
2582 815 2844 899 peritum
2939 892 2943 895 ,

469 927 709 987 cunstat
753 940 931 1003 quam
973 919 1078 1003 qui
1118 919 1388 985 maxime
1423 920 1549 994 (83.
1577 917 1664 999 b.)
1710 937 1968 1000 eamque
2009 917 2076 983 in
2113 919 2339 986 fabulis
2382 920 2515 986 suis
2560 921 2841 986 omuibus

461 1031 601 1111 plus
641 1027 773 1091 fere
814 1045 1015 1109 aequo
1064 1023 1452 1090 adhibuisse:
1514 1023 1655 1106 ipsa
1714 1029 1919 1088 autem
1973 1030 2107 1089 arte
2165 1024 2471 1092 rhetorica
2530 1026 2839 1091 hominum

469 1135 729 1199 affectus
773 1132 1039 1197 maxime
1081 1129 1337 1196 cientur*
1357 1149 1559 1213 neque
1601 1127 1933 1212 quidquam
1974 1130 2143 1195 aliud
2176 1130 2566 1214 AristoteleS,
2613 1139 2683 1197 ut
2722 1131 2842 1196 iam

473 1259 661 1323 supra
705 1237 990 1319 diximus,
1013 1232 1096 1311 ⁸⁴)
1151 1240 1280 1301 toto
1320 1234 1658 1301 rhetorices
1700 1233 1855 1300 libro
1897 1235 2165 1300 secundo
2206 1235 2454 1304 disserit
2496 1238 2634 1331 pisi
2667 1257 2842 1321 quem

465 1343 545 1407 ad
589 1343 833 1407 mudum
875 1346 1078 1407 orator
1118 1341 1386 1407 maxime
1428 1340 1592 1406 ciere
1634 1339 1835 1423 possit
1896 1341 2154 1407 affectus
2213 1342 2342 1408 irae
2396 1349 2458 1409 et
2519 1350 2727 1410 metus
2784 1346 2842 1407 et

461 1446 939 1515 misericordiae.
1003 1446 1182 1524 Quae
1210 1468 1350 1512 cum
1389 1445 1478 1511 ita
1521 1446 1663 1527 sint,
1706 1465 1931 1530 operae
1970 1447 2227 1529 pretium
2271 1468 2412 1514 esse
2452 1448 2616 1515 duco
2660 1467 2839 1532 quae·
2918 1485 2925 1506 ι

453 1575 609 1635 rere,
653 1573 957 1635 quaenam
998 1552 1251 1618 fabulae
1290 1551 1371 1615 ab
1414 1569 1490 1615 eo
1529 1556 1718 1634 poeta
1759 1550 1978 1617 doctae
2017 1552 2348 1637 praecipue
2403 1554 2531 1620 sint
2576 1554 2839 1620 idoneae

461 1659 541 1723 ad
601 1659 697 1723 effi
709 1658 986 1723 ciendam
1041 1659 1232 1723 talem
1290 1656 1612 1723 affectuum
1676 1645 1989 1723 catharsin
2049 1659 2295 1740 qualem
2346 1679 2461 1724 nos
2518 1658 2839 1744 tragoedia

457 1771 625 1831 recte
669 1764 1007 1849 composita
1053 1762 1212 1829 effici
1256 1768 1539 1845 oportere
1583 1760 1869 1827 diximus.

629 1871 939 1951 „Necesse
961 1868 1116 1952 est,“
1156 1868 1354 1952 inquit
1373 1867 1754 1947 AristoteleS,
1773 1864 1855 1947 ⁸⁵)
1888 1867 2200 1952 „fabulam
2223 1868 2379 1937 bene
2412 1869 2831 1958 compositam,
2948 1901 2952 1902 ⁷

473 1975 625 2039 rarii
669 1995 789 2039 uun
831 1975 897 2039 in
937 1974 1294 2041 felicitatem
1337 1993 1416 2039 ex
1456 1971 1835 2052 infelicitate,
1879 1972 1993 2038 sed
2031 1981 2261 2058 contra,
2316 1995 2395 2040 ex
2434 1975 2738 2043 felicitate
2776 1976 2833 2039 in
2949 2041 2960 2054 ‚

465 2079 944 2147 infelicitatemf‘
1010 2080 1187 2156 Quae
1221 2079 1412 2144 verba
1447 2078 1501 2143 si
1535 2077 1614 2143 de
1653 2077 1965 2162 Euripidis
2005 2080 2349 2145 fabularum
2390 2081 2834 2165 compositione

465 2195 525 2251 et
569 2187 737 2251 exitu
777 2185 1066 2252 iudicium
1105 2184 1404 2250 facientes
1446 2203 1788 2266 sequemur,
1832 2190 1976 2250 ante
2014 2191 2251 2259 ceteras
2284 2187 2653 2253 tractandae
2696 2189 2832 2252 sunt

461 2291 713 2355 fabulae
753 2291 1145 2377 Hippolytus,
1188 2289 1428 2372 Medea,
1473 2288 1871 2372 Phoenissae,
1916 2291 2218 2356 Bacchae.

625 2400 721 2464 De
761 2399 987 2490 fabulis
1040 2403 1247 2462 autem
1291 2395 1512 2461 ceteris
1561 2430 1635 2439 —
1679 2395 1941 2462 Hercule
1993 2397 2236 2478 furenti,
2297 2397 2628 2481 Iphigenia
2671 2393 2829 2462 Auli-

461 2504 653 2584 deusi,
733 2503 1002 2584 Hecuba,
1078 2503 1341 2582 Electra,
1419 2499 1868 2582 Andromacha,
1960 2500 2322 2584 Heraclidis,
2416 2502 2827 2586 SupplicibuS,

461 2608 745 2688 Troasin,
798 2605 1124 2693 Iphigenia
1178 2605 1443 2688 denique
1485 2603 1753 2670 Taurica
1807 2611 1869 2671 et
1911 2607 2055 2672 Ione
2107 2613 2169 2673 et
2208 2607 2445 2673 Helena
2490 2615 2554 2673 et
2597 2607 2829 2686 Oreste,

465 2720 701 2800 postea,
749 2713 946 2796 quoad
992 2712 1076 2777 ad
1132 2718 1400 2776 nostram
1444 2712 1867 2794 quaestionem
1921 2715 2245 2798 pertinent,
2306 2713 2615 2781 disserere
2668 2708 2829 2776 insti-

461 2828 721 2888 tuemus.
803 2823 932 2886 Eas
975 2817 1134 2884 enim
1178 2838 1388 2884 omnes
1447 2818 1799 2903 diligentius
1858 2820 2169 2904 inspectas
2233 2809 2296 2884 e't
2356 2820 2439 2884 ad
2501 2820 2830 2905 praecepta

461 2948 625 3008 quae
645 2927 1006 2992 Aristoteles
1051 2923 1220 2989 dedit
1258 2932 1483 3009 poetae
1524 2925 1761 3009 tragico
1803 2926 2033 2991 relatas
2070 2931 2178 2990 aut
2202 2946 2415 3009 parum
2442 2933 2554 2992 aut
2583 2939 2828 3009 prorsus

461 3032 617 3096 nihil
673 3028 753 3092 ad
813 3028 1197 3096 efficiendam
1255 3050 1467 3095 veram
1522 3029 1836 3095 catharsin
1890 3030 2189 3114 tragicam
2244 3031 2451 3096 valere
2510 3027 2829 3096 ostendere

461 3136 835 3200 conabimur.
2218 3224 2221 3228 ⁴

629 3244 697 3308 Iu
741 3240 1210 3325 Hippolyto,
1254 3259 1434 3323 quem
1473 3225 1700 3305 vocant
1740 3240 2098 3323 corouifero,
2140 3243 2325 3308 talem
2357 3241 2659 3308 habemus
2699 3254 2824 3322 per-

465 3368 685 3416 sonam
729 3348 972 3432 qualem
1015 3345 1376 3412 Aristoteles
1417 3345 1482 3410 in
1523 3366 1816 3412 scaenam
1870 3347 2206 3430 producere
2264 3345 2528 3428 iubet⁸⁶)
2586 3350 2827 3430 poetam

477 3556 665 3620 minii
705 3560 765 3604 uri
804 3556 1035 3607 Solemn.
1073 3554 1334 3602 anniverS.
1362 3554 1627 3614 Gymnasu
1651 3557 2044 3605 Ratisbonensis
2079 3555 2145 3617 1.‚
2182 3567 2231 3606 a.
2272 3552 2427 3615 1874,
2466 3551 2564 3616 11.‚
2601 3566 2647 3600 a.
2678 3540 2826 3604 1875,

477 3644 899 3708 Struuhiugcnsis
950 3638 1076 3701 111.,
1127 3652 1174 3692 a.
1217 3636 1384 3701 18773
1447 3637 1556 3705 (83.
1600 3636 1675 3705 b.)
1720 3642 2141 3707 „Commentatio
2192 3644 2252 3691 de
2284 3643 2528 3704 Euripide
2571 3640 2826 3687 rhetorum

465 3728 785 3792 discipulus-⁴·
825 3731 1007 3792 strips,
1046 3729 1118 3776 Μ.
1156 3726 1408 3788 Lechner,
1448 3730 1704 3778 Ansbachi
1742 3727 1896 3781 1875.

605 3814 673 3880 Η]
713 3818 865 3868 cunr.
905 3817 956 3879 §-
992 3815 1047 3880 5,
1088 3831 1135 3878 ρ.
1177 3810 1259 3865 17.

605 3904 673 3968 ²¹⁵)
705 3920 757 3956 a.
794 3925 842 3973 p.
889 3903 1068 3956 1453a
1126 3908 1220 3960 12:
1281 3873 1551 3968 α’νᾶγκη
1608 3879 1753 3969 ἄρα
1814 3883 1940 3951 τόν
2001 3885 2229 3958 καλῶς
2288 3878 2540 3962 ἔχοντα
2595 3876 2827 3958 μῦθον

469 3980 757 4060 ἄπλῠιιΐν
793 3986 975 4058 εἶναι
1007 3989 1278 4069 μᾶλλον
1312 3968 1362 4064 ἦ
1387 3984 1703 4069 διπλοῦν,
1750 3973 1991 4065 ὥσπερ
2023 3978 2200 4057 τινές
2232 4002 2469 4067 φασιν,
2511 3975 2646 4046 καὶ
2689 3991 2827 4051 με·

461 4088 946 4172 casada-iem
1007 4081 1169 4155 ov'ae
1230 4087 1358 4163 εἰς
1422 4077 1845 4162 εὔτυχίαν
1904 4078 1991 4147 ἐκ
2064 4078 2548 4162 δυστυχίας
2611 4060 2824 4136 ἄλλοῖ

465 4180 996 4256 τοῦναντίον
1037 4183 1131 4269 ἐξ
1178 4179 1601 4264 εὐτυχίας
1644 4179 1770 4257 εἰς
1814 4178 2357 4259 δυστυχίαν.“

609 4288 675 4356 ³⁸]
713 4304 757 4340 ιι.
797 4306 849 4356 p.
888 4287 1067 4345 1453a
1106 4288 1199 4341 12:
1237 4266 1543 4357 „a’va'yxn
1570 4262 1715 4354 ἄρα
1742 4267 1867 4336 τόν
1892 4267 2117 4343 καλαῖς
2150 4262 2405 4347 ἔχοντα,
2428 4263 2667 4349 μῦθον
2692 4302 2744 4325 ..
2769 4304 2782 4320 .
2811 4300 2825 4315 ·
