3067 4725
1443 364 1536 433 41

280 544 512 615 normis
555 549 809 633 sapiens
863 568 1203 631 crassaque
1257 546 1731 632 Minerva.“1⁶⁰)
1816 551 2064 615 Electra
2119 571 2264 615 rere
2316 551 2673 615 muliercule.

287 654 684 720 fraudulenta
727 654 984 735 eiusque
1025 653 1216 719 frater
1258 654 1508 719 Orestes
1561 654 1799 719 facetus
1841 654 2044 740 magis
2088 675 2268 735 quein
2312 655 2673 739 ingeniosus

281 782 359 825 ac
401 766 686 826 strenuus
703 757 816 838 161)
872 760 975 823 vel
1026 758 1278 824 minime
1333 759 1589 825 reddere
1641 779 1756 825 nos
1798 767 2060 843 possunt
2104 779 2312 823 seeum
2372 763 2504 823 sire
2549 763 2673 827 lee-

281 872 486 930 tantes
529 865 665 930 sive
707 863 1006 929 dolentes,
1092 864 1386 930 Homines
1430 866 1594 929 enim
1636 870 1779 930 sunt
1830 884 2044 948 parum
2100 863 2424 947 tragoedis.
2480 867 2669 947 digni.

282 972 613 1036 Horrorem
676 968 983 1051 quendam
1046 969 1275 1035 excitet
1334 970 1603 1036 fortasse
1670 975 1963 1051 aspectus
2040 971 2260 1055 ospitis
2328 971 2673 1055 Aeg-lethei,

283 1075 449 1158 quod
512 1074 792 1139 decisum
849 1073 912 1137 in
970 1093 1260 1139 scaenam
1322 1074 1523 1141 adfert
1580 1072 1833 1140 Orestes
1852 1072 1963 1150 ¹⁶²)
2023 1083 2132 1139 aet
2172 1075 2472 1139 elamores
2533 1079 2673 1156 Cly-

280 1185 719 1259 taemnestrae,
764 1198 951 1260 quam
990 1180 1316 1245 obtruncat
1354 1179 1536 1246 filius.
1623 1180 1751 1246 Sed
1792 1199 1907 1246 eae
1947 1199 2044 1244 res
2068 1179 2180 1259 iss}
2236 1183 2324 1243 nil
2364 1183 2673 1263 pertinent

282 1284 371 1349 ad
433 1283 749 1349 catharsin
811 1283 1135 1368 tragicam,
1209 1284 1461 1350 fabulae
1531 1285 1732 1366 ipsius
1808 1290 2031 1362 natura
2092 1307 2168 1351 ee
2232 1287 2675 1367 compositione

293 1387 700 1461 efficiendam.

449 1494 656 1559 Etiam
717 1494 783 1557 in
850 1493 1078 1558 fabulis
1157 1494 1734 1576 Andromacha,
1808 1515 1948 1559 cum
2020 1495 2545 1575 Supplieihus
2617 1503 2677 1559 et

285 1598 639 1665 Troasin
679 1598 960 1664 homines
1001 1599 1068 1662 in
1110 1619 1402 1665 scaenam
1444 1598 1857 1683 producunt-ur
1903 1605 2011 1664 aut
2064 1599 2228 1679 pleni
2272 1599 2557 1663 frauduni
2617 1611 2677 1663 et

284 1703 665 1785 insidiarum,
723 1704 1020 1787 crudeleS,
1073 1703 1311 1786 perfidi,
1368 1705 1617 1787 periuri,
1687 1704 1868 1769 sicuti
1927 1705 2280 1787 Hermione!
2336 1703 2677 1783 Menelaus*

289 1816 399 1875 aut
442 1828 693 1893 prorsus
735 1809 1111 1890 innocenteS‚
1156 1815 1225 1873 ut
1264 1807 1703 1873 Andromacha
1748 1828 1885 1873 cum
1925 1811 2180 1892 puerulo
2224 1827 2352 1891 sno,
2408 1815 2516 1871 ent
2557 1811 2677 1891 „eb

289 1915 468 1979 initio
511 1911 595 1977 ad
634 1912 816 1977 finem
858 1933 1056 1995 usque
1094 1910 1588 1995 iactantur‚“¹⁶⁴)
1632 1912 1796 1996 quod
1837 1913 1968 1979 fieri
2014 1915 2292 1979 ridemus
2328 1915 2392 1979 in
2432 1915 2677 1999 Suppli-

203 2091 218 2100 ,
289 2019 484 2099 cibus,
527 2018 864 2102 praecipue
906 2024 1114 2084 autem
1155 2018 1220 2081 in
1261 2021 1547 2087 Troasin.
1633 2022 1837 2100 Atque
1878 2019 1944 2081 in
1985 2018 2420 2083 Andromacha
2472 2023 2673 2083 esitus

286 2124 344 2187 is
388 2128 500 2202 est,
559 2124 665 2204 qui
703 2122 870 2186 nullo
912 2122 1093 2187 modo
1135 2125 1423 2189 affectum
1471 2122 1948 2203 misericordiae,
2000 2127 2052 2187 si
2112 2127 2356 2187 omnino
2416 2127 2673 2191 exeitsri

287 2227 507 2311 possit,
550 2244 918 2307 componere
962 2233 1164 2309 queat.
1251 2228 1586 2293 Hermiona
1628 2229 1793 2293 enim
1834 2248 1973 2292 cum
2030 2235 2208 2311 patre
2256 2251 2364 2295 suo
2428 2251 2508 2295 ne
2561 2231 2669 2291 nii-

286 2333 490 2399 nimas
534 2330 782 2415 quidem
825 2350 937 2414 pro
982 2333 1263 2400 scelestis
1307 2333 1437 2399 suis
1479 2332 1756 2399 consiliis
1797 2332 1906 2398 dat
1946 2353 2200 2417 poenes,
2256 2335 2364 2400 illa
2416 2341 2669 2416 nuptum

287 2438 437 2520 abit,
502 2437 606 2502 hic
662 2438 953 2521 Spartam
1018 2440 1344 2504 revertitur
1384 2438 1706 2504 incolumis
1768 2436 1850 2502 ad
1914 2440 2388 2522 expugnandum
2460 2440 2673 2504 neseio

292 2541 461 2625 quod
500 2541 826 2626 oppidum:

702 2640 952 2730 ,,τη’νδ’,
995 2647 1209 2730 inquit,
1251 2642 1666 2730 ἐπεξελθεῖν
1710 2642 1895 2714 θέλω

702 2739 1267 2826 στρατηλατήσας
1309 2741 1769 2826 χῦποχείριον
1808 2744 2240 2828 zasssrvfflffi)

449 2850 604 2914 Cum
626 2847 1200 2932 Bernhardyo¹⁶⁶a)
1245 2858 1412 2932 puto,
1456 2849 1812 2933 Euripidem
1848 2850 2084 2916 civibus
2124 2852 2252 2916 suis
2288 2852 2352 2912 in
2384 2852 2669 2916 Menelao

283 2958 351 3017 et
378 2953 715 3018 Hermiona
755 2954 960 3038 magis
1001 2954 1142 3019 fidei
1185 2954 1456 3019 Punicae
1498 2953 1543 3020 i.
1588 2975 1643 3019 e.
1677 2956 2025 3037 Spartanae
2068 2956 2380 3040 speeinien
2421 2956 2670 3036 elienor]

282 3058 584 3139 praebere
609 3059 884 3123 voluisse
915 3079 1101 3141 quam
1131 3079 1240 3124 eas
1269 3061 1719 3143 spectatoribus
1748 3060 2084 3144 producere
2116 3080 2416 3144 personas
2456 3067 2669 3144 quales

283 3163 354 3224 in
392 3160 718 3244 tragoedia
759 3182 902 3228 esse
945 3163 1229 3229 debeant.
1292 3164 1729 3231 Andromacha
1771 3171 1976 3232 autem
2014 3172 2076 3230 et
2104 3168 2324 3232 Peleus
2360 3168 2476 3232 soh*
2508 3176 2665 3248 sust,

285 3283 542 3346 quorum
595 3265 979 3333 calamitates
1028 3269 1512 3335 misericordiam
1568 3271 1745 3336 nobis
1803 3270 2076 3335 excitare
2132 3272 2392 3352 possint-
2472 3272 2661 3352 Atqui

432 3500 524 3566 ¹⁶⁰)
558 3508 685 3555 Hor.
725 3519 884 3560 serm.
927 3504 998 3567 11,
1036 3505 1090 3570 23
1127 3504 1178 3557 3.

428 3583 522 3650 ¹⁵¹)
556 3589 987 3656 Conf.schlegeli
1022 3591 1426 3656 „Vorlesungen
1460 3596 1595 3644 iiber
1612 3596 1951 3646 dramatische
1971 3596 2180 3644 linesi*
2219 3604 2316 3648 ere.
2360 3596 2428 3656 1.‚
2452 3608 2504 3656 p.
2528 3595 2625 3644 esi
2649 3612 2665 3656 3

286 3674 585 3733 Bernhardy
623 3672 696 3738 11,
735 3690 853 3739 pag.
894 3677 1014 3729 882.

429 3752 507 3792 162
566 3774 613 3810 v·
758 3798 770 3811 .

426 3758 604 3907 1⁶³3&
646 3759 921 3907 ξῗξί453υ
963 3848 1022 3900 7:
1059 3832 1180 3919 „vd
1229 3831 1309 3900 δὲ
1353 3833 1474 3901 δια*
1533 3836 1658 3917 τῆς
1702 3827 1953 3926 ὅψεως
1999 3840 2212 3900 τοῦτο
2260 3856 2665 3916 παρασκευ-

285 3921 482 4046 ‘'u-{⁶⁹}
526 3924 861 4056 (φρίττειν
900 3931 1016 3997 καὶ
1058 3928 1308 4014 ἐλεεῖν)
1350 3925 1831 4014 α’τεχναῖτερον
1872 3933 1989 3997 καὶ
2036 3936 2368 4016 χορηγίας
2412 3936 2661 4016 dedite-

280 4045 413 4088 -νον
451 4044 657 4090 εστιν.

424 4120 516 4242 ¹:⁴¹)
553 4127 707 4182 Gonf.
735 4131 864 4184 Ern.
895 4134 1030 4194 Aug.
1059 4132 1197 4184 Guil.
1219 4133 1568 4183 Graefenhani
1606 4135 1866 4197 „Arinen
1902 4136 1962 4182 de
2000 4145 2048 4181 a.
2088 4132 2184 4196 pst*
2220 4140 2340 4196 eto„
2376 4148 2424 4196 p*
2456 4132 2553 4184 137
2593 4148 2661 4180 ss.

426 4208 446 4242 ¹
481 4209 524 4272 ⁵)
562 4228 609 4262 v.
653 4213 771 4268 735.
1939 4212 1950 4220 “

432 4292 553 4358 ¹⁶⁶⁸)
591 4300 917 4362 „Grundriss
953 4306 1051 4352 der
1083 4306 1276 4368 griech.
1317 4299 1656 4364 Literatur‚“
1698 4299 1769 4366 H,
1806 4316 1856 4363 p,
1896 4300 2017 4353 872.
