3067 4725
775 382 822 452 40

199 571 331 638 diximus
347 567 517 648 Aulidensi,
527 565 583 647 156)
605 568 731 634 caedem
744 569 874 652 virginis
890 569 1161 636 innocentissimae
1174 592 1285 653 pamm
1303 575 1394 640 nobis

199 677 366 743 secundum
398 674 595 740 Aristotelem
611 673 662 755 ¹⁵⁷)
694 673 792 739 videri
823 679 928 756 aptam
960 673 1002 738 ad
1032 696 1126 741 verae
1160 677 1394 744 misericordiae

199 783 342 864 affectum
364 778 563 843 excitandum
585 785 616 843 et
636 798 830 844 commovere
852 798 921 842 eam
942 779 1043 862 magis
1061 781 1155 846 animi
1171 782 1329 863 quandam
1347 785 1393 848 in-

198 884 412 968 dignationem
444 904 536 966 quam
567 882 819 962 misericordiam,
853 903 890 948 eo
918 885 1079 951 molestiae
1110 887 1270 952 cuiusdam
1297 910 1393 955 sensu

198 992 293 1055 multo
315 988 409 1064 etiam
430 989 532 1071 magis
554 989 586 1053 in
609 990 735 1053 Hecuba
754 1008 813 1055 nos
833 990 928 1056 imbui
950 996 1084 1074 oportet3
1113 990 1143 1054 in
1167 991 1221 1056 illa
1242 992 1325 1057 enim
1345 994 1392 1059 fa·

197 1096 272 1161 bula
303 1094 392 1177 virgo
424 1077 548 1176 quiidem
583 1093 737 1158 occumbit
771 1093 1031 1176 innocentissima,
1063 1094 1120 1160 sed
1151 1091 1304 1161 occumbit
1335 1119 1390 1182 pro

198 1199 319 1284 patriae
340 1218 417 1264 suae
438 1198 551 1275 salute3
573 1197 605 1261 in
626 1197 685 1264 hac
706 1218 781 1264 vero
801 1200 908 1266 fabula
922 1199 1076 1283 virginem
1088 1219 1143 1283 pro
1157 1200 1256 1267 hostis
1272 1204 1390 1285 umbra,

199 1314 255 1386 pro
274 1303 409 1367 hostium
430 1303 529 1367 salute
550 1301 592 1366 ad
612 1310 742 1368 mortem
764 1304 834 1369 duci
854 1304 1006 1371 videmus.
1041 1305 1179 1368 Puellam
1200 1325 1275 1389 ergo
1297 1328 1391 1389 quum

198 1408 361 1473 audiamus
381 1407 609 1488 lamentantem,
632 1408 777 1489 quoniam
797 1410 866 1475 luce
887 1410 1023 1492 privetur
1042 1409 1233 1488 dulcissima,
1263 1401 1391 1477 matrem

201 1512 420 1596 deplorantem,
443 1530 534 1591 quam
555 1512 707 1594 relinquat
728 1512 863 1577 omnium
883 1515 1056 1580 mortalium
1072 1515 1165 1596 longe
1178 1514 1390 1594 miserrimam,

200 1616 297 1680 nimio
317 1616 548 1682 misericordiae
568 1618 681 1681 affectu
703 1618 871 1683 excitamur
892 1639 993 1700 neque
1015 1618 1181 1702 quidquam
1208 1628 1320 1703 postea
1347 1622 1390 1705 fit,

197 1741 257 1803 quo
288 1721 316 1785 is
348 1720 476 1786 affectus
508 1721 618 1785 iterum
649 1730 849 1805 componatur
883 1744 921 1787 ao
951 1724 1115 1807 mitigetur.
1169 1724 1390 1806 Polymestoris

198 1825 282 1891 enim
302 1826 462 1910 punitione
481 1846 544 1891 non
565 1827 695 1910 virginis
717 1828 839 1908 raedae,
860 1827 905 1892 uti
925 1828 988 1892 iam
1009 1828 1267 1912 supradiximus,
1288 1831 1389 1910 luitur,

199 1930 254 1996 sed
274 1930 429 2014 Polydori.
472 1931 575 2008 Quare
603 1933 764 2015 Polyxena
787 1953 911 2017 prorsus
938 1933 1037 1997 inulta
1067 1940 1218 1998 mactatur
1246 1932 1390 2000 innoeen-

196 2035 328 2119 tissima,
350 2036 433 2118 quod
453 2057 514 2100 non
535 2035 712 2101 miserabile
734 2022 793 2117 est,
813 2037 868 2101 sed
889 2037 1082 2103 detestabile.
1095 2035 1149 2116 158)

277 2141 312 2204 ln
332 2142 431 2205 altera
453 2146 555 2205 autem
576 2140 756 2221 tragoediae
786 2148 874 2223 parte
895 2161 988 2223 quum
1008 2150 1116 2226 pereat
1136 2142 1226 2208 homo
1247 2143 1389 2226 sicarius

197 2244 321 2311 minime
331 2245 516 2310 commoveri
532 2249 663 2329 possunt
681 2246 886 2329 spectantium
904 2247 1008 2330 animi,
1026 2243 1305 2331 ,φιλάνθρωπον
1320 2244 1387 2329 yolp

196 2343 303 2416 τοῦτο’
325 2350 394 2432 ya.“
437 2350 525 2429 Quae
546 2350 649 2414 omnia
680 2371 746 2415 eum
770 2351 1024 2435 spectaverimus,
1052 2353 1084 2417 in
1110 2353 1190 2418 huno
1210 2354 1333 2419 modum
1355 2358 1388 2419 ut

198 2457 307 2538 opinor
328 2455 367 2521 de
387 2455 532 2535 catharsi,
560 2456 660 2537 qualis
681 2457 735 2519 fiat
756 2456 788 2518 in
809 2455 871 2519 ista
894 2457 1065 2538 tragoedia,
1094 2460 1184 2524 nobis
1205 2459 1264 2524 erit
1285 2459 1385 2524 dicen·

196 2560 283 2625 dum:
316 2561 453 2625 Affectus
482 2558 722 2639 misericordiae,
754 2559 805 2640 qui
829 2560 979 2624 excitatur
999 2562 1101 2643 priore
1132 2563 1257 2628 fabulae
1288 2569 1385 2645 parte,
1457 2594 1460 2598 ⁴

196 2664 288 2729 nimis
309 2663 461 2739 excitatus
481 2663 608 2728 fabulae
628 2663 727 2746 ipsius
750 2666 972 2748 compositione
992 2686 1053 2731 uon
1070 2668 1178 2732 iterum
1196 2668 1385 2750 componitur

196 2776 227 2835 et
251 2771 416 2836 relaxatur.
461 2770 568 2834 Altera
598 2788 672 2833 vero
700 2777 789 2853 parte
819 2777 874 2835 aut
903 2773 1061 2855 paululum
1087 2771 1178 2836 modo
1204 2781 1259 2836 aut
1284 2772 1385 2836 nullus

195 2875 426 2942 misericordiae
446 2880 608 2956 metusque
628 2883 765 2940 moretur
787 2877 932 2957 affectus,
953 2896 1055 2968 poena
1072 2877 1153 2941 enim
1167 2876 1301 2941 hominis
1320 2896 1385 2941 soe-

194 2979 266 3044 lesti
288 2985 378 3061 grata
405 2998 476 3043 esse
497 2978 590 3043 debet
609 2977 785 3044 homiuibus
815 2981 893 3045 bene
920 2979 1122 3061 moratis.¹⁵⁹)
1164 2981 1284 3046 Fabula
1310 3001 1385 3066 ergo

195 3082 322 3148 Hecuba
342 3101 538 3162 nequaquam
554 3081 630 3146 mihi
646 3082 759 3147 idonea
780 3104 851 3149 esse
869 3082 989 3148 videtur
1007 3084 1048 3149 ad
1068 3085 1262 3150 efficiendam
1281 3107 1386 3152 veram

193 3185 353 3252 catharsin
373 3185 534 3267 tragicam.
1352 3195 1354 3199 ’

275 3292 324 3355 De
346 3291 513 3355 Electra
539 3290 654 3373 fabula,
687 3312 780 3374 quum
801 3312 841 3357 ea
866 3297 989 3373 praeter
1015 3301 1136 3359 ceteras
1164 3295 1317 3376 pertineat
1344 3295 1386 3360 ad

195 3392 266 3460 illas
286 3392 477 3477 tragoedias,
500 3394 610 3476 quibus
630 3397 662 3460 in
681 3395 878 3462 elaborandis
891 3402 984 3480 potita
1001 3398 1071 3480 plus
1089 3419 1190 3482 aequo
1202 3398 1386 3466 dormitasse

193 3499 324 3582 videtur,
345 3518 446 3581 pauca
466 3497 557 3562 modo
578 3499 652 3563 mihi
675 3508 763 3566 erunt
784 3500 924 3569 dicenda.
967 3503 1075 3584 Neque
1102 3504 1184 3569 enim
1204 3504 1386 3588 intellegere

193 3622 320 3686 possum
342 3602 442 3685 qualis
463 3603 518 3667 fiat
541 3602 573 3667 in
593 3602 654 3669 ista
674 3605 781 3670 fabula
808 3606 958 3671 catharsis
983 3607 1157 3690 affectuum,
1188 3608 1303 3690 quippe
1331 3608 1384 3691 qui

192 3706 267 3770 nulli
288 3708 412 3772 omnino
433 3708 612 3773 excitentur.
657 3709 726 3774 Una
747 3730 890 3792 persona,
913 3710 999 3775 cuius
1022 3731 1120 3777 mores
1147 3720 1230 3777 certe
1250 3713 1385 3800 probare

192 3810 359 3898 possimus,
380 3813 507 3878 colonus
528 3818 578 3878 est
597 3813 796 3896 Mycenaeus,
818 3804 933 3898 „cr’vrlp
951 3808 1136 3900 ἐπιεικής,“
1158 3818 1308 3899 „rusticus
1329 3818 1385 3882 ab·

263 4052 309 4122 ¹³⁶)
327 4056 404 4108 Cous.
423 4071 482 4121 pag.
500 4057 544 4110 37.

263 4140 310 4205 1⁵⁷)
329 4156 353 4192 a.
373 4156 398 4203 p.
419 4142 511 4196 1452o
532 4143 575 4196 36.

265 4223 313 4291 1⁵⁸)
331 4229 393 4277 inlu.

266 4305 312 4373 ι59)
330 4308 407 4361 (tout.
427 4324 486 4375 pag.
505 4310 539 4364 35
557 4314 644 4366 adnot.
656 4310 724 4365 v130.
