3067 4725
792 226 838 297 18

299 413 605 494 Quemadmodum
626 413 888 499 ergoLessingio
914 415 983 481 laus
1011 415 1216 484 adtribuenda
1244 423 1303 502 est,
1336 418 1442 502 quod

219 541 260 589 ex
270 521 443 588 Rhetoricis
453 519 604 586 definierit
612 522 781 585 affectuum
791 526 943 601 naturam,
954 518 994 602 65)
1016 522 1061 586 ita
1072 522 1277 608 Beruaysium
1292 544 1440 608 semper

220 650 290 696 eum
310 630 431 710 oportet
451 624 600 708 exbiberi,
623 626 675 708 qui
697 644 736 690 ex
757 625 913 709 philosopi
934 624 1033 708 ipsius
1054 627 1188 713 scriptis,
1219 650 1282 696 non
1304 651 1350 696 cx
1375 633 1435 698 sui

219 736 318 818 ipsius
341 728 458 815 ingenii
482 730 686 813 opinionibus
708 731 793 795 riam
815 731 978 812 aperuerit,
1011 752 1073 814 qua
1094 735 1143 799 vis
1164 756 1202 801 ao
1221 744 1336 803 natura
1371 758 1432 803 ea·

220 839 336 905 tharsis
361 835 510 919 tragicae,
542 836 666 918 qualem
696 835 820 918 quidem
847 855 917 900 eam
941 823 1123 904 Aristoteles
1152 839 1350 926 intellexerit,
1375 844 1428 909 di-

218 943 306 1010 nosci
327 941 442 1026 possit.
1344 1015 1348 1022 ¹

296 1049 408 1116 Restat
428 1051 462 1111 ut
483 1064 678 1129 quaeramus
700 1064 762 1128 qua
782 1043 903 1110 ratione
924 1065 963 1110 ex
980 1044 1036 1110 illa
1048 1047 1213 1115 affectuum
1224 1056 1342 1118 excitat
1354 1074 1424 1121 one

217 1154 412 1238 etpurgatio
434 1156 466 1217 et
486 1171 554 1216 rum
583 1169 622 1215 ea
649 1149 740 1214 simul
769 1150 911 1233 voluptas
941 1151 1095 1232 quaedam
1127 1155 1290 1222 exoriatur.
1335 1161 1423 1224 Cum

220 1259 403 1324 Aristoteles
424 1276 502 1322 voce
522 1263 625 1321 utatur
652 1275 734 1338 quae
762 1261 810 1321 est
837 1251 1122 1342 „noveileobucst
1152 1262 1247 1344 paulo
1274 1268 1348 1346 post
1377 1262 1421 1336 de

149 1371 153 1375 ’
219 1366 378 1446 voluptate
399 1360 483 1427 dicat
503 1352 824 1442 innoxia-„rideri
848 1352 1042 1445 a’fllassq'cf‘
1055 1399 1095 1411 -
1108 1383 1169 1448 ego
1196 1366 1283 1432 hisce
1309 1369 1418 1434 verbis

216 1471 261 1534 nil
290 1466 376 1556 aliud
403 1464 505 1531 dicere
536 1465 614 1531 duco
642 1466 861 1551 philosophum
888 1468 949 1534 nisi
975 1470 1158 1536 liberatione
1179 1477 1210 1536 et
1230 1472 1322 1537 simul
1344 1494 1417 1538 cum

218 1595 258 1640 ea
289 1575 383 1639 etiarn
414 1569 599 1655 purgatione
630 1572 795 1637 affectuum
827 1591 883 1655 per
913 1574 1107 1655 tragoediam
1145 1577 1347 1644 excitatorum
1380 1579 1414 1642 iu

216 1678 329 1745 animis
357 1681 563 1760 spectatorum
591 1674 670 1741 effici
691 1677 888 1766 uoluptatem
914 1684 945 1744 et
974 1699 1044 1744 eam
1072 1681 1205 1763 quidem,
1236 1702 1317 1764 quae
1348 1704 1412 1748 non

216 1785 258 1851 sit
277 1782 381 1847 noxia.
425 1781 495 1850 Non
514 1779 634 1864 ignoro,
654 1802 705 1847 me
725 1782 757 1845 in
778 1802 817 1848 ea
838 1803 960 1867 quoque
986 1804 1020 1849 re
1049 1788 1223 1851 consentire
1245 1806 1314 1851 cum
1336 1790 1408 1853 Ber·

215 1889 328 1976 naysic
359 1888 489 1971 eiusque
515 1887 800 1969 interpretationem
831 1889 1040 1970 sequentibus.
1084 1891 1153 1953 Non
1185 1911 1254 1956 sum
1282 1892 1320 1975 is,
1356 1893 1410 1975 qui

216 2002 322 2078 putem
343 2012 381 2057 ea
396 1993 542 2076 opinione
557 1991 752 2057 maiestatem
769 1991 845 2057 artis
855 1994 996 2077 tragicae
1011 1992 1095 2059 laedi
1106 2015 1207 2076 neque
1217 2017 1285 2061 sum
1303 2004 1408 2063 sectae

217 2100 299 2165 illius
320 2098 443 2180 Plotini,
465 2117 556 2179 quem
577 2095 686 2180 puduit
705 2096 839 2161 hominis
860 2097 990 2168 formam
1011 2098 1136 2165 babere.

297 2202 402 2280 Quid?
429 2203 587 2286 lugentem
608 2202 693 2265 illam
715 2222 808 2285 quum
836 2201 868 2266 in
887 2223 989 2268 rerum
1009 2204 1145 2269 omnium
1173 2210 1204 2269 et
1232 2191 1405 2288 mortalium

216 2310 236 2377 i.
258 2329 286 2377 e.
309 2328 469 2394 corporum
493 2311 524 2371 et
543 2306 759 2372 immortalium
776 2307 797 2372 i.
814 2326 842 2378 e.
853 2308 1025 2373 animorum
1041 2315 1152 2375 natura
1165 2309 1409 2376 vicissitudinem

215 2415 377 2481 videamus
397 2419 492 2496 atque
511 2418 648 2477 mutuam
668 2412 747 2479 inter
768 2431 804 2477 se
827 2414 1075 2480 communionem
1090 2420 1121 2481 et
1139 2412 1408 2498 conspirationem,

215 2540 338 2585 -num
359 2536 604 2602 expavescamus
625 2515 670 2580 rei
692 2515 898 2599 definitouem,
925 2517 978 2582 ubi
1000 2538 1076 2584 casu
1099 2518 1234 2603 quodam
1254 2520 1337 2586 idem
1356 2541 1407 2585 vo-

215 2626 358 2693 cabulum
378 2622 570 2704 adhibeatur,
602 2621 685 2703 quod
715 2621 746 2684 in
777 2639 938 2705 corporum
969 2625 1154 2708 purgatione
1186 2630 1218 2689 et
1248 2626 1408 2691 sanatione

217 2730 329 2797 cotidie
350 2729 491 2795 audimus
514 2728 716 2810 usurpatum?
747 2725 855 2802 Quid?
884 2748 988 2795 nonne
1010 2730 1123 2796 cotidie
1144 2748 1305 2813 corporum
1332 2731 1406 2803 uitia

216 2836 357 2901 videmus
378 2835 528 2900 removeri
550 2833 628 2918 ipsis
650 2832 689 2897 iis
709 2832 849 2916 venenis,
882 2854 963 2916 quae
991 2834 1023 2898 iu
1050 2855 1177 2917 corpore
1207 2841 1280 2900 ante
1302 2856 1406 2920 parum

217 2940 353 3006 valentia
373 2945 498 3023 propter
519 2938 720 3021 exiguitatem
742 2938 896 3018 quandam
918 2944 949 3004 et
969 2937 1211 3004 imbecillitatem
1229 2959 1354 3022 aegrum
1374 2938 1405 3003 id

218 3044 357 3123 reddant
382 3041 481 3108 donec
501 3040 613 3107 medici
633 3047 699 3106 arte
719 3041 844 3123 ingesta
865 3047 897 3106 et
917 3043 1090 3127 composita
1111 3042 1202 3108 simul
1222 3064 1290 3110 cum
1319 3044 1408 3110 vebess'

215 3150 311 3217 menti
331 3148 429 3233 partis
450 3153 598 3231 aegrotae
618 3146 804 3212 excitatione
831 3167 900 3213 eam
921 3146 1055 3231 denique
1082 3155 1247 3231 purgatam
1275 3149 1402 3215 efficiant

217 3257 303 3321 etin
322 3255 485 3338 pristinam
507 3253 649 3319 sanitatis
672 3251 883 3319 condicionem
903 3254 1091 3319 restituant?
1112 3253 1253 3320 Disserui
1265 3274 1325 3337 ego
1340 3275 1402 3319 cum

216 3362 283 3428 viro
303 3359 379 3426 artis
399 3357 541 3425 medicae
560 3358 760 3442 peritissimo.
803 3360 832 3423 ls
853 3357 964 3423 furoris
985 3359 1124 3424 morbum
1153 3359 1216 3423 iam
1230 3346 1339 3442 ‘saepe
1358 3379 1402 3423 sa·

216 3474 322 3532 natum
351 3485 423 3531 esse
443 3463 609 3529 affirmavit
636 3482 674 3527 eo
695 3463 764 3546 ipso
785 3462 998 3545 medicamine,
1032 3462 1116 3545 quod
1144 3483 1239 3529 sanos
1270 3463 1402 3528 homiues

215 3574 249 3636 in
269 3593 339 3638 eum
358 3570 470 3637 furoris
492 3574 606 3634 statim
635 3567 852 3652 perducturum
881 3574 957 3652 erat,
989 3575 1099 3652 atropa
1131 3567 1185 3633 illa
1214 3568 1403 3634 belladouna.

220 3679 328 3759 Neque
359 3676 545 3742 mentionem
575 3674 680 3739 facere
714 3693 776 3738 non
790 3692 933 3755 ,possum
973 3673 1100 3740 remedii
1131 3673 1213 3738 illius
1243 3672 1355 3736 inventi
1384 3693 1404 3737 a

214 3784 364 3862 lennero,
405 3782 472 3846 viro
504 3778 543 3845 de
574 3798 688 3862 genere
718 3779 878 3846 hominum
916 3778 1042 3844 variolis
1077 3775 1282 3843 laborantium
1316 3791 1400 3854 quam

216 3887 333 3971 optime
352 3886 462 3952 meriti.

260 4150 263 4155 ¹
285 4178 320 4245 ⁶⁸)
337 4182 416 4233 Cerri·
434 4195 459 4242 p.
482 4180 498 4231 9
517 4195 552 4232 ss.
