3067 4725
1638 310 1727 382 12

493 489 692 578 φέρει
733 494 848 562 καὶ
889 495 995 582 τῷ
1033 496 1325 580 μᾶλλον,
1368 490 1528 564 οἷον
1569 494 1767 574 ἔλεος
1808 496 1923 564 καὶ
1966 493 2200 584 φόβος
2225 498 2329 568 ἔτι
2368 497 2894 572 δ’ἓνθουσιασο

493 599 625 679 μᾶς
677 649 692 667 .,
732 600 846 668 καὶ
902 599 1037 684 γάρ
1105 595 1251 669 tino*
1293 598 1551 685 ταύτης
1605 605 1731 687 τῆς
1785 601 2117 689 κινήσεως
2170 600 2645 688 κατακώχιμοί
2695 606 2895 686 τινές

495 705 692 771 εἰσιν.
726 703 802 780 ἐκ
847 705 926 772 δὲ
967 706 1109 772 τιὸν
1137 704 1351 789 ἱερῶν
1367 708 1602 787 μελῶν
1625 701 1904 793 δρῶμεν
1925 706 2239 793 τούτους,
2282 702 2457 779 ὅταν
2483 708 2894 797 χρήσωνται

493 819 637 887 τοῖς
681 806 1169 895 ἐξοργιάζουσι
1229 810 1357 895 τήν
1417 812 1661 903 ψυχήν
1714 811 1969 901 μέλεσι,
2028 813 2586 899 καθισταμένους
2640 810 2891 905 ὥσπερ

493 917 801 999 ἰατρείας
841 914 1184 1000 τυχόντας
1224 941 1339 984 και
1371 915 1817 1001 καθάρσεως.
1859 914 2078 989 ταυ’το
2119 920 2205 1006 δη
2243 924 2458 990 τοῦτο
2496 930 2894 1006 αναγκαιον

493 1023 799 1103 πάσχειν
855 1048 971 1091 και
1013 1022 1185 1099 τους
1241 1020 1629 1108 ἐλεήμονας
1670 1051 1782 1094 και
1837 1026 2007 1103 τούς
2062 1026 2491 1112 φοβητικοΰς
2546 1054 2659 1095 και
2713 1031 2894 1127 τους

493 1123 677 1203 aflfflg
733 1126 1188 1213 παθητικους,
1241 1128 1409 1204 τούς
1467 1124 1799 1207 δἀλλους
1850 1135 2011 1198 καθ
2063 1124 2239 1200 ὅσον
2300 1130 2673 1218 ἐπιβάλλει
2724 1158 2878 1202 των

489 1231 829 1300 ‘torm-hwa!
868 1230 1140 1321 ἓκαστῳ
1182 1234 1299 1300 και
1341 1257 1523 1302 πασι
1567 1236 1935 1319 γίγνεσθαί
1973 1263 2138 1304 τινα
2174 1233 2531 1323 ια’θαρσιν
2566 1240 2680 1304 καὶ
2703 1261 2875 1306 κου-

493 1339 828 1423 φέζεσθαι
866 1344 1028 1423 μεθ’
1071 1332 1398 1424 ἧδονῆς.“
1483 1346 1576 1409 Ac
1617 1346 1806 1429 paulo
1846 1365 2067 1430 supra:
2132 1345 2239 1429 „vl
2280 1343 2361 1412 δὲ
2413 1341 2704 1427 λέγομεν
2744 1343 2879 1426 τὴν

493 1443 860 1526 κάθαρσιν,
915 1446 1043 1513 νῦν
1097 1444 1226 1527 μὲν
1282 1440 1551 1528 οῗπλιιΐς,
1616 1444 1832 1515 πάλιν
1887 1447 2031 1516 δ’ἓν
2084 1453 2239 1525 τοῖς
2292 1450 2451 1534 περὶ
2505 1449 2897 1541 ποιητικῆς,

493 1551 790 1631 ἐροῦμεν
831 1547 1331 1638 σαφέστερον.“

649 1662 873 1723 Totum
914 1659 1116 1725 locum
1158 1659 1444 1743 adposui,
1503 1666 1569 1724 ut
1621 1662 1813 1727 lector
1864 1660 2004 1745 ipse
2059 1662 2400 1728 diiudicare
2454 1660 2673 1746 possit,
2728 1682 2879 1727 num

493 1763 736 1828 Mannsi
780 1763 991 1847 opinio
1033 1762 1397 1847 „affectibus
1439 1771 1641 1832 metus
1698 1771 1760 1831 et
1802 1767 2349 1833 commiserationis
2392 1767 2548 1831 alios
2590 1766 2875 1849 affectuS,

490 1875 732 1951 praetor
773 1874 1012 1935 ceteros
1054 1868 1406 1952 superbiam
1448 1870 1702 1954 purgari
1744 1891 1946 1955 eaque
1986 1872 2357 1955 purgatione
2388 1870 2687 1955 gaudium
2718 1869 2873 1936 illud

489 1973 848 2055 tragoediae
888 1974 1201 2059 proprium
1217 1972 1302 2053 ⁴⁸)
1347 1974 1567 2057 effici,“
1611 1976 1896 2042 sustineri
1939 1997 2015 2041 ac
2057 1975 2309 2041 defendi
2350 1976 2570 2060 possit.
2635 1972 2642 1984 '

649 2078 950 2162 Equidem
990 2099 1359 2163 persuasum
1399 2079 1620 2162 babe0,
1679 2081 2087 2162 Aristotelem,
2144 2080 2201 2145 si
2242 2100 2514 2163 unquam
2564 2086 2870 2163 putasset,

486 2185 645 2247 aiios
707 2183 850 2249 aliis
911 2185 1166 2269 purgari
1205 2204 1394 2269 posse
1436 2186 1719 2267 affectuS,
1782 2186 1952 2251 velut
2013 2185 2079 2250 in
2121 2172 2461 2268 ‘tragoedia
2517 2184 2871 2270 superbiam

489 2288 739 2371 purgari
798 2295 960 2355 metu
1019 2295 1081 2354 et
1134 2290 1684 2374 commiseratione,
1748 2290 1943 2357 mirae
1998 2291 2131 2357 eius
2188 2290 2533 2357 sententiae
2586 2295 2751 2355 certe
2790 2309 2869 2355 eo

487 2395 621 2459 laec·
665 2396 1034 2462 mentionem
1073 2397 1371 2470 facturum
1414 2396 1631 2479 fuisse,
1686 2395 1791 2459 ubi
1834 2396 2063 2461 diserte
2103 2396 2371 2479 loquitur
2413 2395 2492 2460 de
2537 2397 2866 2461 affectuum

489 2501 866 2583 purgatione.
888 2498 971 2578 ⁴⁹)
1036 2500 1160 2567 Sed
1193 2501 1343 2566 facit
1383 2501 1755 2566 mentionem
1790 2501 2036 2582 nullam,
2078 2520 2204 2565 non
2245 2499 2430 2565 modo
2473 2501 2538 2565 in
2577 2499 2865 2582 politiciS,

489 2603 597 2668 aad
637 2625 717 2670 ne
759 2605 1110 2690 in'poetica
1153 2605 1432 2687 quidem;
1495 2605 1752 2691 affectus
1812 2605 1865 2670 is
1919 2606 2075 2687 ipse,
2142 2625 2324 2688 quem
2362 2604 2685 2670 Mannsius
2746 2610 2865 2667 tra-

485 2712 629 2792 gica
669 2711 1010 2776 imitatione
1064 2715 1391 2794 purgatum
1432 2711 1582 2793 vult,
1643 2730 1944 2794 nusquam
1987 2732 2027 2775 a
2082 2708 2450 2794 philosopho
2506 2727 2864 2774 commemo-

489 2828 669 2896 ratur,
711 2816 1078 2881 vocabulum
1120 2806 1406 2898 ,,ὗ’βρις“
1448 2816 1513 2880 in
1556 2822 1690 2881 arte
1735 2816 1983 2900 poetica
2023 2836 2149 2880 non
2183 2813 2409 2879 inveni.
2478 2813 2634 2889 Quis
2662 2818 2868 2877 autem

489 2924 716 3002 credat,
759 2922 825 2984 in
870 2920 1226 2986 definitione
1267 2921 1478 3004 aliqua
1520 2942 1601 2987 ne
1640 2921 2012 2986 mentionem
2053 2919 2296 3000 quidem
2325 2917 2458 2983 fieri
2497 2936 2688 2998 posse
2728 2917 2862 2982 eius

485 3028 593 3104 rvi,
641 3044 822 3104 quam
865 3025 949 3088 ad
989 3045 1118 3090 rem
1158 3032 1292 3089 tota
1335 3031 1402 3090 ut
1440 3033 1610 3091 recta
1637 3045 1712 3090 ac
1734 3026 2010 3105 perfecta
2042 3024 2124 3089 sit
2146 3022 2417 3088 definitio
2452 3028 2737 3106 spectare
2763 3021 2862 3088 de-

485 3132 629 3196 beat
641 3132 673 3192 f?
696 3130 936 3193 Etenim
958 3126 1076 3209 ,,το“
1102 3123 1358 3211 τέλος,“
1377 3128 1574 3211 inquit
1588 3127 1967 3210 AristoteleS,
1991 3122 2351 3213 »μέγιστον
2368 3121 2765 3195 οἶποῖντων.“
2779 3125 2861 3208 ⁵⁰)

649 3236 840 3310 Quem
883 3234 966 3299 ad
1004 3235 1250 3299 modum
1292 3240 1497 3299 autem
1540 3233 1860 3299 Mannsius
1902 3236 2282 3320 voluptatem
2338 3233 2508 3298 illam
2564 3231 2861 3315 tragicam

485 3344 613 3404 tim-i
657 3359 846 3420 posse
886 3341 1186 3423 opinetur,
1245 3360 1326 3405 ne
1365 3338 1484 3404 hoc
1527 3338 1776 3423 quidem
1816 3339 2102 3422 dispicio,
2189 3341 2289 3403 An
2344 3336 2673 3422 superbiae
2727 3355 2860 3419 pur-

483 3447 786 3528 gatione?
868 3446 952 3508 At
992 3465 1257 3526 quonam
1300 3447 1527 3510 affectu
1572 3465 1708 3511 eam
1749 3451 2079 3528 purgatam
2136 3445 2313 3508 vult?
2364 3442 2564 3507 Metus
2620 3441 2857 3506 affectu.

485 3552 624 3628 Qua
665 3552 730 3615 in
769 3570 837 3615 re
876 3549 1106 3630 nesci0,
1152 3569 1272 3632 quo
1317 3555 1500 3632 pacto
1542 3556 1741 3616 metus
1784 3549 1928 3613 dum
1969 3550 2036 3613 in
2076 3550 2282 3612 animo
2321 3547 2690 3630 spectatoris
2732 3566 2860 3612 ver-

485 3668 669 3740 satur,
732 3657 1112 3737 voluptatem
1177 3662 1364 3736 queat
1400 3675 1669 3741 parare.
1754 3653 1986 3719 Metum
2042 3657 2249 3717 autem
2301 3650 2505 3736 ipsum
2546 3650 2861 3716 discedere

485 3784 557 3824 εκ
625 3762 829 3825 animo
891 3765 1064 3826 vetat
1125 3759 1468 3840 Mannsius,
1535 3758 1768 3842 quippe
1833 3756 1956 3839 qui,
2020 3757 2077 3823 si
2128 3756 2269 3840 ipse
2323 3755 2685 3838 discederet,
2738 3775 2858 3820 non

485 3872 698 3948 posset
738 3864 1064 3930 exturbare
1107 3864 1477 3945 superbiam.

621 4040 1085 4108 4³}a.p.1453b
1126 4041 1238 4093 10:-
1260 4016 1396 4107 „ov'
1448 4020 1590 4108 γαρ
1645 4024 1889 4088 πᾶσαν
1945 4024 2060 4090 δεῖ
2106 4024 2331 4104 ζητεῖν
2384 4015 2655 4105 ηδονῆν
2706 4012 2849 4086 α’πο
2992 3974 2994 4123 4

481 4120 895 4212 τραγῳδίας,
938 4114 1124 4188 αλλιὶ
1167 4121 1293 4204 τήν
1335 4119 1661 4188 οἳκείανμ

621 4224 692 4288 ⁴³³³}
726 4230 875 4280 Pont.
915 4224 1066 4287 vul,
1107 4226 1138 4278 7
1175 4224 1379 4286 (13411)
1418 4224 1488 4277 38
1525 4225 1622 4287 ss.)
2991 4257 2992 4302 1

629 4312 691 4376 5⁸³}
726 4327 772 4363 a.
814 4330 862 4376 p.
906 4311 1080 4364 1150a
1117 4310 1204 4362 23.
2866 4322 2884 4370 g

2939 4464 2990 4670 ,1
