3067 4725
148 486 312 572 tragicum.
353 482 542 568 Hippolytus
565 488 614 548 est
637 482 757 548 iuvenis
780 486 862 549 certe
882 483 1181 569 praestantissimum
1204 490 1341 554 attamen

147 613 213 660 uno
233 590 391 659 levissimo
411 590 531 655 laborat
557 587 641 668 vitio,
669 608 781 672 nempe
807 589 939 655 nunrinis
969 587 1094 655 deorum
1122 588 1338 675 hominumque

149 697 356 783 potentissimi
382 693 568 775 fastidio.⁸⁷)
617 695 659 760 Ut
684 693 716 758 111
750 693 924 776 „Bacchis“
945 695 1108 778 Pentheus,
1145 697 1191 762 sie
1220 697 1253 761 111
1279 696 1339 764 hae

151 803 257 869 fabula
277 802 464 886 Hippolytus
485 802 525 866 ob
545 799 671 864 nimiam
692 798 741 865 sui
773 796 915 864 fiduciam
943 821 1182 884 superorumque
1210 803 1340 870 alieuius
1482 761 1489 810 Ἰ
1514 777 1524 818 '¹

152 908 380 993 neglegentiam
402 906 584 991 opprimitur
604 910 635 972 et
656 905 688 969 in
709 904 875 989 perniciem
889 906 1119 990 praecipitatur.
1150 909 1253 991 Atque
1272 908 1341 991 dea,

152 1036 244 1100 quam
265 1014 447 1080 adulescens
468 1013 520 1077 ille
549 1010 740 1077 castissimus
769 1012 869 1077 colere
888 1019 1077 1095 aspernatur,
1107 1034 1145 1079 ea
1173 1019 1230 1097 est,
1259 1032 1340 1095 qnae

117 1103 122 1112 ⁸
151 1118 280 1185 summis
300 1119 390 1184 malis
412 1118 528 1185 afficiat
548 1114 698 1198 homines,
720 1136 815 1198 quare
834 1105 896 1181 uon
913 1123 961 1182 est
978 1137 1030 1183 cur
1039 1117 1212 1202 Hippolyti,
1227 1118 1341 1184 Pitthei

151 1223 306 1305 discipuli,
318 1221 357 1304 88)
385 1223 576 1290 miseriarum
603 1242 660 1287 nos
687 1241 750 1285 non
778 1221 1046 1289 vehementissime
1077 1223 1231 1290 misereat.
1274 1225 1339 1290 lam

154 1329 239 1395 enim
261 1330 291 1393 in
313 1331 440 1412 prologo
461 1330 552 1394 deam
574 1328 658 1392 illam
679 1326 819 1392 audimus
840 1329 1096 1411 pronuntiantem,
1124 1350 1158 1396 se
1178 1329 1250 1395 huic
1270 1330 1344 1395 adu·

152 1434 282 1500 lescenti
303 1434 418 1517 gaudia
439 1455 497 1500 sua
518 1440 666 1499 nocturna
686 1432 858 1514 repudianti
886 1433 1039 1499 interitum
1060 1454 1131 1501 esse
1149 1442 1341 1518 paraturam.

155 1540 242 1616 Quas
263 1547 385 1625 propter
405 1541 504 1606 minas
525 1542 589 1606 iam
610 1542 641 1604 in
661 1540 731 1625 ipso
750 1539 877 1603 fabulae
906 1539 993 1604 initio
1025 1547 1107 1606 metu
1130 1540 1262 1623 quodam
1288 1561 1343 1607 nu·

155 1643 245 1710 minis
274 1645 369 1710 divini
397 1648 555 1730 potentiae
584 1652 677 1729 atque
708 1646 774 1711 irae
801 1644 972 1710 afficiamur
996 1666 1125 1713 necesse
1152 1651 1200 1713 est
1230 1652 1343 1742 etque

153 1751 281 1835 propius
302 1752 414 1818 abesse
435 1759 609 1836 spectamus
626 1753 724 1817 virum
745 1757 900 1817 strenuum
927 1752 967 1815 ab
988 1758 1125 1818 extrema
1146 1750 1342 1836 necessitate,
1425 1825 1426 1830 γ
1468 1773 1473 1824 j

152 1876 191 1923 eo
211 1858 314 1940 magis
335 1858 543 1924 commisereri
565 1878 622 1923 nos
644 1877 714 1924 eum
743 1862 875 1940 oportet.
916 1858 992 1923 Leto
1013 1856 1146 1938 enim⁸⁹l
1178 1858 1265 1925 brevi
1292 1878 1344 1925 ex-

153 1962 326 2046 stinguetur
347 1961 540 2046 adulescens,
562 1963 649 2029 cuius
667 1963 761 2027 vitam
778 1982 816 2026 ac
826 1982 927 2027 mores
938 1963 1000 2029 iam
1011 1963 1157 2031 adamare
1171 1965 1343 2034 dldioimus.

338 2068 486 2148 „lnfemis
512 2088 613 2151 neque
634 2067 716 2132 enim
735 2067 870 2133 tenebris
891 2068 993 2133 Diana
1020 2069 1165 2153 pudicum

374 2166 499 2232 Liberat
519 2162 805 2250 Hippolytum.“⁹⁰)

235 2269 386 2346 Quocirca
407 2278 575 2339 metuemus
596 2272 787 2342 adulescenti
807 2270 991 2353 miserrim03
1012 2272 1064 2357 qui
1085 2275 1213 2340 affectus
1234 2295 1274 2341 ne
1295 2274 1362 2339 ni?
1433 2295 1434 2298 ¹

153 2377 233 2443 mius
254 2375 368 2460 fiat‚⁹¹)
391 2378 555 2461 Euripides
575 2379 608 2443 in
628 2379 689 2445 fine
708 2377 888 2461 tragoediae
907 2378 1051 2445 lacrimas
1072 2399 1194 2463 qnoque
1215 2381 1339 2463 profun-

155 2481 249 2547 dendi
266 2483 370 2566 itaque
388 2483 503 2550 doloris
520 2485 610 2568 qnasi
620 2485 715 2549 nimio
725 2503 819 2550 onere
829 2504 886 2550 nos
897 2483 1048 2550 liberandi
1059 2485 1135 2551 iacit
1145 2491 1339 2568 potestatem.

156 2585 343 2670 Hippolytus
354 2589 434 2654 enim
444 2598 540 2656 morte
551 2592 674 2656 iamiam
693 2589 959 2674 adpropinquante
977 2591 1142 2675 saevisque
1156 2592 1341 2660 cruciatibus
1385 2596 1386 2599 ’
1478 2578 1479 2581 ¹

158 2690 300 2756 defessus
320 2694 399 2776 patri
420 2716 475 2760 suo
497 2696 611 2763 doloris
631 2696 663 2760 vi
685 2715 787 2779 paene
808 2694 935 2760 subacto
958 2695 1040 2778 (ipse
1062 2696 1143 2762 enim
1163 2696 1255 2764 nimis
1276 2697 1343 2766 irae

156 2816 196 2860 ao
216 2797 327 2863 luroris
349 2798 441 2864 subiti
461 2801 607 2886 impetum
628 2806 751 2867 secutus
778 2799 840 2864 lilio
861 2799 997 2883 parabat
1023 2801 1192 2880 interitum)
1221 2824 1345 2871 manum

155 2902 286 2987 porrigit
307 2903 464 2989 oculisque
483 2907 546 2973 iam
567 2906 701 2992 ealigine
721 2905 863 2971 obductis

314 2994 370 3092 „²52
390 3010 522 3096 pcipaf‘
542 3013 651 3098 inquit,
673 3013 792 3095 ‚pcipe
817 3003 933 3076 πολλά
953 3032 1015 3089 μοι
1035 3005 1185 3096 πότερ1“

236 3112 366 3191 Qualem
387 3117 482 3200 igitur
498 3117 531 3182 in
544 3120 717 3204 Hippolyto
731 3118 901 3184 coronifero
919 3117 986 3182 fieri
1006 3118 1166 3202 opinemur
1187 3119 1343 3187 catharsin

152 3219 329 3302 tragicam?
356 3223 538 3288 Excitantur
564 3223 687 3306 quidem
713 3224 746 3289 in
773 3243 812 3289 ea
838 3222 944 3288 fabula
965 3223 1092 3291 affectus
1113 3224 1342 3292 misericordiae
1446 3298 1448 3303 ,
1521 3288 1523 3293 ,

151 3330 186 3389 et
211 3333 310 3393 metus
338 3346 378 3392 ex
405 3326 537 3393 miseriis
566 3328 772 3412 periculisque
797 3326 929 3394 hominis
958 3330 1054 3394 nostri
1082 3326 1344 3399 simillimi—tel

146 3549 384 3635 μεταβάλλειν
411 3551 451 3640 ἒξ
479 3548 642 3635 adreptus
668 3554 718 3631 cic
741 3553 940 3639 δυστυχίαν,
972 3553 1017 3638 μή
1049 3552 1110 3621 ead
1139 3554 1342 3641 μοχθηρίαν

147 3644 247 3713 α’λλοὶ
268 3647 490 3735 διᾶμαρτλαν
510 3651 672 3739 μεγάλην,
695 3643 721 3738 ἢ
740 3651 822 3721 ol'ov
844 3651 990 3737 εἴρηται,
1011 3643 1036 3736 ἢ
1052 3651 1233 3736 βελτίονος
1247 3656 1339 3736 put-

148 3750 217 3814 λον
237 3737 264 3832 ἢ
283 3747 475 3834 χείρονος.“

223 3846 256 3913 ⁸⁷)
276 3852 353 3904 Gont.
373 3852 480 3918 Prolug.
500 3861 524 3904 ct
544 3871 568 3907 v.
589 3855 651 3908 106:
671 3831 823 3925 „Ov'det'c
834 3831 1009 3922 μ’ίῖρέσκει
1024 3836 1121 3905 νυκτὶ
1132 3839 1340 3921 θαυμαστός

150 3918 289 3987 311111(
308 3927 388 3993 (nur.
407 3940 499 4003 nurrp.
517 3941 581 3996 cas.
601 3946 670 3998 surr.
689 3930 826 4009 11111111.)

223 4018 247 4054 ⁸⁸
277 4040 345 4076 vers.
366 4025 410 4079 11.

224 4021 357 4168 8911111111.
376 4111 407 4158 ad
426 4109 526 4160 Nicon.
547 4107 599 4175 Ill,
618 4111 649 4162 9:
670 4089 941 4183 ,φοβερώτατον
964 4084 1020 4160 d'o‘
1041 4088 1230 4168 ddvauocf‘
1300 4086 1305 4089 ¹

223 4184 337 4253 10)1111.
356 4208 436 4247 cerm.
455 4196 506 4255 lv,
526 4195 551 4248 7.

222 4270 258 4337 ⁹¹)
274 4276 352 4330 conl.
371 4284 458 4335 adnot.
477 4281 522 4347 51,
541 4298 567 4345 p.
587 4282 627 4334 13,
