3067 4725
29 1111 54 1167 11
64 1125 98 1168 one

1408 272 1498 349 19

433 476 600 555 Quid
640 493 785 559 ergo
829 493 944 537 nos
985 470 1260 554 impedit,
1315 468 1638 551 quominus
1682 462 1765 549 id',
1825 464 1990 549 quod
2031 485 2248 531 revera
2292 467 2416 531 fieri
2472 467 2639 531 rid&

270 605 411 650 mus
455 584 518 648 in
563 600 814 664 corpore
854 583 1110 661 aegroto
1153 574 1452 657 sanand0,
1505 572 1638 639 fieri
1681 591 1923 656 quoque
1977 591 2165 656 posse
2224 575 2641 639 exist-imeritus

272 692 340 754 in
383 688 619 769 animiS,
678 686 783 770 qui
840 689 982 750 sunt
1023 680 1344 749 affectibus
1388 678 1722 745 commoti?
1782 677 1945 755 Quid
1991 697 2105 748 nos
2160 676 2432 759 impedit,
2496 699 2637 759 quo-

275 795 476 859 minus
515 813 654 857 cum
695 787 1043 872 Bernaysio
1086 784 1490 865 dicamus2⁶⁶)
1555 784 1882 871 „Cathxarsi
1922 783 2031 849 illa
2071 784 2159 852 nil
2200 787 2364 851 aliud
2412 787 2476 849 tit
2526 787 2645 851 nisi

282 899 621 965 excitantur
679 903 741 962 et
779 894 1212 980 proturbantur
1254 912 1332 957 ex
1372 892 1577 956 animo
1625 890 1747 956 ista
1786 890 2023 956 ratione
2067 891 2344 957 sanando
2388 895 2645 959 affectus

275 1003 682 1089 aegritudinis
725 998 1045 1065 cuiusdam
1087 1004 1149 1063 et
1185 996 1532 1064 tristitiae.“
1715 1083 1725 1092 ἡ

437 1106 676 1185 Quodsi
725 1105 1150 1188 Baumgartius
1165 1102 1244 1184 67)
1305 1102 1605 1186 Bernaysi
1661 1102 1853 1188 verba
1891 1101 2002 1167 illa
2063 1102 2296 1184 „Homo
2348 1123 2484 1167 rum
2540 1107 2645 1167 mi-

271 1211 612 1280 sericordia
655 1218 869 1294 captus
914 1208 1008 1275 sui
1050 1210 1246 1293 ipsius
1287 1215 1605 1291 tamquam
1662 1207 1887 1273 oblitus
1931 1207 2232 1272 communi
2292 1231 2424 1271 cum
2484 1219 2645 1271 sorte

272 1338 418 1385 sese
460 1316 841 1383 coniunctum
902 1321 1088 1398 atque
1129 1314 1499 1379 mundanum
1564 1332 1706 1378 esse
1759 1311 2081 1396 intellegit,
2140 1312 2380 1379 intusns
2444 1335 2645 1379 rerum

272 1428 659 1489 aeternarum
701 1421 1120 1487 ineluctabiles
1161 1422 1336 1505 leges
1367 1427 1427 1485 et
1458 1419 1735 1502 imperia,
1781 1418 2002 1501 quibus
2034 1423 2320 1484 mortalns
2356 1419 2436 1483 ml
2460 1443 2642 1483 unum

275 1548 500 1611 omnes·
547 1527 986 1606 devinciuntur,
1049 1535 1212 1593 metu
1255 1531 1442 1609 atque
1497 1524 1746 1591 horrore
1800 1523 2340 1609 perfunditufflfflj
2368 1563 2444 1571 —-
2468 1527 2649 1607 plane

276 1634 581 1699 contraria
638 1634 725 1698 ait
783 1652 923 1699 esse
975 1631 1342 1715 sententiae,
1407 1650 1595 1713 quam
1654 1628 1884 1695 habeat
1942 1630 2082 1714 ipse
2136 1632 2512 1715 Ber-naysum
2572 1631 2645 1695 de

273 1748 491 1811 natura
533 1738 898 1823 tragoediae
940 1738 1139 1822 iisque
1179 1737 1384 1802 verbis
1423 1734 1719 1801 contineri
1755 1736 1878 1800 vim
1908 1734 2232 1819 quandam,
2280 1759 2400 1819 qua
2444 1759 2645 1799 moras

269 1844 676 1930 spectantium
721 1844 1137 1926 emendentur,
1162 1878 1237 1889 --
1263 1836 1551 1925 equidem
1580 1840 1723 1905 talis
1756 1840 2300 1925 argumentationis
2348 1843 2641 1907 ationem

271 1955 540 2036 probare
579 1970 835 2033 nequeo
927 1948 1154 2027 Quidni
1213 1953 1627 2032 spectatorum
1679 1946 1917 2012 animos
1958 1946 2175 2029 tragici
2232 1955 2456 2031 postue
2508 1955 2641 2011 artu

272 2064 338 2123 et
379 2056 629 2139 ingenio
671 2057 810 2137 plus
853 2056 1034 2120 solito
1075 2074 1150 2120 ac
1204 2060 1495 2120 consueto
1546 2050 1760 2133 modo,⁴
1811 2071 1934 2116 non
1991 2052 2236 2135 quidem
2300 2055 2645 2119 cotidianae

273 2157 581 2244 miseriae,
643 2160 756 2226 sed
810 2151 1126 2226 inauditae
1167 2158 1423 2225 alicuius
1475 2164 1539 2224 et
1591 2178 1790 2223 novae
1847 2158 2216 2223 calamitatis
2272 2163 2649 2243 humumque

273 2266 504 2350 stragis
547 2270 805 2350 aspectu
847 2264 1145 2329 excitatos
1187 2283 1352 2329 nova
1395 2263 1659 2347 quadam
1704 2263 1957 2345 ratione,
2024 2264 2476 2331 sublimioribus
2520 2267 2649 2348 qui-

270 2373 534 2457 busdam
575 2371 897 2437 affectibus
937 2377 1137 2436 metus
1181 2391 1257 2436 ac
1307 2370 1854 2436 commiserationis
1910 2370 2099 2436 imbui
2154 2380 2216 2437 et
2276 2372 2645 2436 rnuimufflri

275 2479 628 2543 ducamus?

437 2582 682 2648 Etenim
724 2601 801 2646 ea
843 2587 953 2661 est,
1018 2581 1217 2664 credo,
1277 2581 1545 2648 omnium
1587 2581 1808 2646 artium
1848 2585 2086 2664 natura,
2142 2588 2208 2648 ut
2260 2584 2436 2648 nobis
2484 2584 2645 2648 riam

279 2687 464 2770 quasi
506 2691 857 2764 monstrent,
915 2700 1036 2767 qua
1078 2693 1140 2753 et
1181 2686 1501 2754 sentiendo
1556 2691 1619 2750 et
1658 2685 1899 2770 agendo
1940 2688 2006 2751 in
2059 2687 2192 2752 dies
2248 2692 2532 2752 nmlinres
2588 2696 2649 2756 et

277 2792 536 2858 rationis
579 2791 824 2856 honesti
867 2810 942 2856 ae
980 2792 1218 2874 pulchri
1261 2789 1637 2855 diiudicandi
1679 2790 1997 2874 peritiores
2037 2792 2169 2857 fieri
2212 2796 2536 2876 possimus

438 2897 630 2962 Recte
670 2896 918 2980 quidem
939 2896 1235 2967 Goethius
1261 2916 1398 2961 cum
1441 2894 1721 2978 dicit269)
1765 2897 2192 2978 „Aristotelem
2240 2900 2645 2980 pulcherrima

273 3009 467 3086 atque
506 3003 959 3088 perfectissima
1000 3003 1063 3067 in
1105 3003 1389 3067 manibus
1422 3000 1751 3068 habentem
1786 3003 2098 3088 cogitasse
2122 3004 2420 3084 effectum,
2468 3024 2645 3088 quem

276 3108 536 3176 haberet
577 3107 898 3193 tragoedia
950 3108 1017 3172 in
1056 3107 1434 3175 audientium
1486 3108 1757 3174 animis?
1833 3107 1886 3174 Ο
1939 3114 2228 3191 quantum
2288 3112 2641 3176 ludibrium!

273 3217 359 3278 At
414 3233 526 3280 nos
582 3214 828 3298 quidem
885 3211 1034 3278 artis
1095 3213 1347 3296 aliquod
1406 3232 1563 3298 opus
1622 3234 1734 3298 per
1789 3234 1861 3281 se
1909 3234 1988 3280 ac
2035 3224 2280 3298 propter
2336 3236 2404 3280 se
2448 3220 2645 3300 ipsum

416 3465 490 3533 ⁶⁶)
525 3468 924 3534 „Grundztige‘
963 3482 1059 3520 eto.
1115 3484 1159 3530 p.
1203 3466 1337 3519 144:
1387 3471 1524 3532 „Die
1571 3483 1733 3533 ganze
1770 3473 2034 3523 Katharsts
2074 3476 2252 3524 bernht
2308 3476 2540 3536 ledignch
2592 3476 2641 3520 tn

277 3561 392 3607 dem
429 3559 720 3620 Aufr-egen,
759 3561 868 3606 dem
908 3558 1314 3607 Hervortreiben
1350 3557 1443 3605 der
1479 3559 1529 3605 in
1567 3560 1679 3608 deni
1710 3558 1927 3609 Gemiite
1960 3563 2160 3622 «jessen,
2196 3564 2304 3608 dnm
2348 3564 2500 3608 damin:
2536 3564 2645 3612 uine

281 3644 685 3707 Erleichterung
720 3656 784 3690 zu
821 3644 935 3691 'l'ell
971 3645 1172 3693 werden
1211 3645 1333 3705 soll,
1373 3643 1753 3708 vorhandenen‚
1791 3647 2203 3697 beklemmendeu
2244 3648 2568 3696 Elementa*

418 3725 488 3792 θ’)
528 3731 814 3793 „Aristot.,
851 3730 998 3781 Less,
1037 3744 1087 3780 u.
1127 3728 1350 3787 Gothe‚“
1388 3731 1426 3779 l.
1457 3744 1502 3779 c.
1540 3745 1591 3792 p.
1628 3729 1696 3782 57
1733 3746 1805 3781 ss.

419 3811 491 3880 ⁶⁸)
525 3811 924 3879 ‚,Grundzfige“
964 3822 1062 3866 etc.
1113 3831 1164 3878 p.
1216 3813 1347 3867 182:
1412 3816 1709 3879 „Nachdem
1764 3820 1835 3867 lm
1872 3820 2062 3868 Mitletd
2111 3819 2200 3867 das
2248 3820 2424 3876 uigent:
2468 3824 2645 3868 Scibam

277 3915 395 3950 zum
433 3905 606 3952 Selbst
640 3906 731 3952 der
766 3915 962 3965 ganzen
985 3903 1298 3952 Menschheit
1334 3905 1593 3953 erweltert
1629 3906 1860 3967 worden,
1898 3905 2038 3953 stelit
2075 3917 2131 3953 es
2168 3908 2272 3952 slah
2308 3908 2400 3952 alen
2444 3908 2641 3956 fur-chr*

278 3988 376 4034 bar
411 3989 700 4039 erhabenen
739 3990 988 4038 Gesetzen
1029 3991 1116 4038 des
1154 3990 1266 4037 Alls
1302 3990 1403 4037 und
1450 3991 1588 4040 ihrer
1622 3992 1700 4040 die
1736 3991 2046 4040 menschhelt
2081 3992 2436 4040 umfusseuden
2476 3996 2641 4040 unhe-

276 4074 567 4136 greimchen
618 4077 787 4126 Macht
845 4090 946 4125 von
982 4076 1261 4139 Angesicht
1311 4089 1375 4124 zu
1410 4078 1686 4141 Angesicht
1734 4078 2034 4141 gegem‘iber
2079 4080 2175 4126 und
2232 4080 2356 4128 nissi
2392 4080 2496 4128 sich
2536 4092 2633 4128 run

274 4161 369 4208 der
402 4157 592 4208 Furcht
625 4159 1066 4226 durchdringen.“

418 4239 485 4308 ⁶⁹)
529 4248 646 4298 vid.
684 4250 821 4300 nter.
859 4251 922 4298 ad
957 4251 1225 4300 Zelterum
1265 4251 1472 4310 missas,
1515 4250 1585 4312 V,
1620 4263 1669 4310 p.
1708 4247 1811 4301 330
1846 4263 1919 4304 ss.

2304 4336 2340 4396 :13
