3067 4725
702 308 801 400 ao„
864 267 885 288 ⁶

131 497 294 566 altercatio
315 496 384 577 ista,
406 489 487 579 qua'e
515 502 563 564 est
583 497 723 565 Tiresiae
744 518 813 563 cnm
840 500 970 565 manu
997 503 1029 563 et
1047 495 1223 576 Menoeceo,
1248 497 1314 559 tota

131 602 307 690 episodinm
328 606 385 688 est,
396 597 451 678 101)
480 601 563 686 qnod
582 622 651 667 cum
670 602 823 669 fabulae'
814 602 912 687 ipsius
932 608 1111 688 argumento
1132 620 1238 688 parum
1265 618 1314 665 co

132 711 270 792 baereat,
292 685 375 790 quod
393 706 501 780 vitium
521 709 563 774 ab
581 708 744 778 Aristotele
763 709 983 793 perstringitur
995 708 1049 790 ¹⁰⁶)
1080 698 1221 786 Quodsi
1212 687 1314 789 rps'nm

131 815 258 882 fabulae
280 812 521 897 spectauerimns
542 821 761 899 argumentum,
791 815 938 898 perbreve
957 814 1015 880 hoe
1036 834 1107 882 esse
1126 811 1312 880 videbimus.

133 924 244 990 iratres
264 918 326 984 duo
347 918 387 983 de
407 939 503 1003 reguo
524 920 604 986 inter
625 940 658 987 se
686 927 837 988 certantes
863 926 895 987 ct
920 920 962 986 ad
989 941 1075 987 arma
1101 922 1313 991 concurrentes

133 1029 212 1093 alter
232 1028 359 1091 alterum
382 1025 570 1102 obtruncans
604 1026 706 1103 Quare
726 1046 808 1093 mors
827 1026 883 1092 illa
902 1024 1140 1101 voluntaria¹⁰³i
1156 1022 1314 1093 Menoecei

133 1131 434 1214 adulescentissqua
453 1132 568 1198 Thebis
590 1132 708 1216 patriae
740 1133 872 1214 palmam
899 1132 1049 1198 condonet
1074 1130 1230 1212 victoriae,
1258 1148 1314 1213 per

133 1260 171 1323 se
190 1239 292 1322 ipsam
311 1229 494 1320 tragoediae
511 1242 562 1302 est
580 1244 804 1321 argumentum,
833 1239 914 1321 qnod
939 1236 1018 1302 nihil
1043 1236 1143 1304 adieri
1168 1236 1312 1301 momenti

126 1345 178 1410 ‚ad
198 1342 322 1409 fabulae
340 1340 438 1426 ipsius
456 1341 650 1422 solutionem3
671 1364 804 1427 namque
821 1342 915 1410 etiam
931 1344 1098 1425 Eteocleos,
1119 1342 1206 1409 cuins
1221 1341 1313 1407 saluti

89 1471 92 1476 ·
113 1457 117 1466 '
135 1468 208 1516 sese
229 1447 359 1514 devovet
379 1447 570 1531 Momasson,
593 1450 772 1516 occumbere
792 1455 839 1516 est
858 1448 962 1516 iatum

216 1553 305 1631 Quod
315 1555 357 1619 ad
367 1556 530 1622 affectuum
540 1556 640 1638 ipsam
654 1555 785 1639 pertinet
795 1555 1039 1638 concitationem,
1052 1551 1215 1637 Euripides
1230 1556 1313 1616 certe

134 1661 168 1726 in
187 1661 247 1728 hac
267 1660 373 1726 fabula
393 1661 519 1760 multum
535 1661 723 1742 consumpsit
738 1661 853 1727 laboris
868 1660 1107 1738 ecsoicndi.¹⁰⁷)
1138 1657 1193 1728 siu
1209 1663 1311 1723 antem
1339 1665 1340 1668 ’
1412 1693 1413 1696 ¹

131 1767 319 1851 quaerimus,
351 1766 541 1860 quibusnam,
552 1766 672 1833 caussis
692 1766 883 1835 Phoenissae
906 1767 986 1832 inter
1004 1772 1123 1833 ceteras
1140 1764 1311 1848 -Hippo
1343 1819 1345 1822 .

129 1876 198 1957 lyto
225 1879 404 1957 excepto-
417 1878 571 1940 emmeant
597 1871 784 1956 tragoedias,
815 1892 876 1938 uon
905 1878 969 1937 tam
989 1871 1051 1936 vim
1077 1873 1169 1937 istam
1194 1870 1311 1936 miseri·

130 1980 257 2045 cordiae
278 1978 345 2044 sive
366 1985 466 2046 metus
487 1978 696 2046 commovendi
717 1978 887 2045 uidebimus
905 1969 1311 2062 essepraecipnam-nam

131 2085 164 2149 in
184 2083 256 2149 aliis
277 2102 398 2166 quoqne
417 2084 538 2165 fabulis,
559 2084 684 2152 velutin
694 2084 831 2163 Hecuba,
847 2083 1067 2165 Andromache,
1087 2081 1198 2148 ‘Itoasi
1217 2088 1312 2166 poeta

129 2210 222 2273 qnam
244 2179 419 2256 maiomam
439 2190 541 2258 studet
565 2190 647 2257 ciere
672 2189 910 2256 misericordiam
928 2209 1076 2271 -quam
1103 2189 1185 2254 mam
1213 2193 1244 2253 et
1263 2209 1310 2253 ra·

128 2297 244 2363 tionem
273 2297 400 2362 affectus
431 2295 641 2363 commovendi
671 2296 840 2378 itommque
871 2293 1081 2378 componendi,
1114 2313 1175 2376 qua
1200 2293 1310 2359 reddat

130 2408 225 2488 podia
247 2389 381 2466 fabulam
403 2423 489 2467 suam
517 2423 626 2469 revera
648 2401 798 2484 tragicam
825 2406 918 2483 atque
946 2400 1125 2466 efficientem
1154 2399 1310 2466 catharsin

129 2508 298 2572 affectuum.
339 2508 408 2572 Nou
430 2509 512 2573 enim
540 2509 618 2574 siout
643 2507 675 2573 iu
695 2506 809 2573 Medea
829 2512 859 2572 et
886 2506 932 2572 eis
958 2526 1037 2588 quas
1064 2510 1174 2589 postea
1199 2510 1309 2570 tracta-

131 2612 231 2676 bimus
251 2609 365 2677 iabnlis
386 2615 513 2680 affectus
531 2612 768 2694 misericordiae,
789 2612 938 2696 tantisper
954 2611 1047 2678 ctiam
1062 2616 1172 2688 metus,
1195 2610 1310 2677 cientur

7 2726 9 2763 ἰ
130 2722 248 2781 tautum
268 2734 369 2796 neque
387 2717 421 2783 fit
440 2720 479 2785 iis
502 2719 565 2784 nlla
586 2719 671 2782 exitu
688 2717 758 2799 ipso
767 2716 948 2800 tragoediae
962 2716 1112 2782 relaxatio
1126 2721 1158 2780 et
1167 2715 1309 2800 purgatio

7 2820 9 2889 ί
130 2820 291 2888 -Medea
314 2822 393 2887 enim
416 2822 597 2890 draconibus
625 2824 658 2887 in
678 2829 781 2889 ae‘rem
802 2821 891 2886 nobis
918 2820 1064 2903 subrepta
1089 2839 1196 2902 parum
1217 2820 1308 2886 credo

127 2946 186 2994 uos
206 2927 346 3011 placatos
366 2927 496 2994 reddere
518 2930 609 3010 valet,
631 2929 688 2996 sed
707 2926 900 3012 aegritudine
927 2924 1061 3008 quadam
1087 2930 1118 2989 et
1136 2925 1184 2990 ira
1204 2924 1244 2992 do
1263 2926 1307 2992 ni·

128 3031 191 3096 mia
210 3032 317 3097 matris
338 3032 370 3096 in
389 3033 503 3099 liberos
517 3030 928 3101 innocentissimossacvitia
946 3029 1031 3095 affici
1050 3049 1108 3096 nos
1128 3037 1256 3115 oportet,
1268 3069 1307 3081 —

129 3135 185 3202 sed
209 3136 333 3204 fabulae
360 3138 458 3221 ipsius
485 3139 555 3204 finis
584 3144 615 3205 et
641 3140 741 3204 exitus
767 3140 861 3203 talem
887 3136 977 3202 nohis
1006 3136 1120 3202 excitat
1146 3138 1308 3204 affectuum

9 3248 11 3277 ί
130 3242 324 3325 levationem,
355 3244 455 3325 qualis
482 3244 537 3310 rint
556 3263 683 3310 necesse
702 3250 749 3311 est
770 3243 810 3308 ad
830 3262 903 3309 vere
930 3240 1122 3307 efficiendam
1152 3241 1307 3333 catharsin

9 3410 11 3425 ,
129 3346 289 3430 tragicam.
332 3349 481 3427 Quamvis
501 3355 605 3417 autem
624 3349 763 3415 Iocasten
782 3353 911 3414 matrem
931 3354 1024 3436 poeta
1050 3344 1165 3431 gaudio
1191 3369 1307 3415 summu

10 3542 12 3559 ⁸
126 3564 130 3571 ⁴
200 3541 246 3608 ¹⁰⁴)
264 3562 289 3599 r.
308 3536 403 3600 834*
415 3549 493 3604 1018.

197 3628 244 3693 ¹⁰⁸)
262 3645 286 3684 a.
306 3648 331 3695 p.
356 3633 449 3688 lists
470 3635 519 3690 33:
542 3668 572 3704 ,‚.
595 3667 605 3688 .
628 3667 637 3685 .
659 3674 668 3690 .
690 3611 915 3701 αίγωνίαμαια
941 3615 1011 3702 γάρ
1038 3617 1222 3690 ποιοῦντες
1247 3615 1316 3684 καί.

127 3709 224 3796 παρα
246 3709 309 3798 τήν
330 3709 481 3798 δύναμιν
500 3715 772 3802 παρατείναντες
791 3718 919 3800 μῦθον,
950 3710 1117 3791 πολλάκις
1146 3713 1307 3801 denespi-
1405 3704 1407 3711 ,

127 3833 207 3897 rpew
228 3805 489 3898 α’ναγναίζονται
508 3816 549 3884 τί
571 3814 736 3904 &poids-‘¹

197 3911 245 3981 ¹⁰⁸)
262 3916 339 3973 conr.
352 3917 435 3985 iphig.
450 3922 536 3973 norro.
555 3929 581 3971 er
597 3910 734 3971 meduan
754 3924 781 3970 in
798 3920 956 3981 nonenim
975 3917 1073 3969 comer
1090 3920 1126 3967 su
1145 3920 1221 3968 euru
1241 3931 1307 3980 quae

74 4012 76 4017 ·
125 4003 228 4064 scripsit
246 4015 336 4056 tuerer
353 4008 380 4056 iu
399 4006 518 4067 ,mittar
534 4008 580 4058 tur
597 4011 642 4058 iias
660 4011 747 4070 boyer.
758 4002 1027 4068 Gymnesiriwesemi‘
1046 4006 1099 4060 rui.
1117 4005 1195 4068 xiil,
1213 4019 1239 4067 p.
1254 4002 1305 4057 403

125 4099 161 4139 ss.
200 4087 275 4143 1880.

186 4085 240 4238 (Μ)
259 4086 321 4229 v)iri.
349 4181 528 4245 Aristophanis
554 4179 686 4240 byzantini
711 4184 891 4244 argumentum
920 4194 944 4230 ν.
968 4176 1001 4229 13
1027 4177 1104 4245 (apud
1134 4177 1304 4241 Nauckium):

16 4232 17 4289 3
122 4256 364 4341 gflepmadeic
381 4255 525 4346 ἄγαναί
538 4260 727 4330 eceterae
746 4261 794 4348 τῇ
812 4255 1022 4348 τραγῳδία.“
1043 4255 1302 4345 (ἦαραγφδίαί)
